<?xml version="1.0" encoding="UTF-8"?>
<!DOCTYPE html PUBLIC "-//W3C//DTD XHTML 1.0 Transitional//EN"
    "http://www.w3.org/TR/xhtml1/DTD/xhtml1-transitional.dtd">
<html xmlns="http://www.w3.org/1999/xhtml" xml:lang="en" lang="en">
 <head>
  <title>
</title>
<meta http-equiv="Content-Type" content="text/html;charset=utf-8" />
  <meta name='ocr-system' content='tesseract 3.04.00' />
  <meta name='ocr-capabilities' content='ocr_page ocr_carea ocr_par ocr_line ocrx_word'/>
</head>
<body>
  <div class='ocr_page' id='page_1' title='image "apersiiflacciet00fabrgoog_0145.png"; bbox 0 0 2634 4592; ppageno 0'>
   <div class='ocr_carea' id='block_1_1' title="bbox 254 225 1228 352">
    <p class='ocr_par' dir='ltr' id='par_1_1' title="bbox 254 198 1280 352">
     <span class='ocr_line' id='line_1_1' title="bbox 254 225 1228 352; baseline -0.02 -15"><span class='ocrx_word' id='word_1_1' title='bbox 254 268 305 352; x_wconf 83' lang='lat'><strong>70</strong></span> <span class='ocrx_word' id='word_1_2' title='bbox 449 225 1022 330; x_wconf 70' lang='lat' dir='ltr'><strong>¹1).rrsrr.rrrVEnAnrr’</strong></span> <span class='ocrx_word' id='word_1_3' title='bbox 1226 310 1228 313; x_wconf 92' lang='lat'>.</span> 
     </span>
    </p>
   </div>
   <div class='ocr_carea' id='block_1_2' title="bbox 256 409 1280 514">
    <p class='ocr_par' dir='ltr' id='par_1_2' title="bbox 256 409 1280 514">
     <span class='ocr_line' id='line_1_2' title="bbox 256 409 1280 514; baseline -0.002 -22"><span class='ocrx_word' id='word_1_4' title='bbox 256 423 328 493; x_wconf 86' lang='lat' dir='ltr'><strong>Rara</strong></span> <span class='ocrx_word' id='word_1_5' title='bbox 340 414 399 488; x_wconf 82' lang='lat' dir='ltr'><strong>avis</strong></span> <span class='ocrx_word' id='word_1_6' title='bbox 413 414 443 488; x_wconf 92' lang='lat' dir='ltr'><strong>in</strong></span> <span class='ocrx_word' id='word_1_7' title='bbox 458 415 561 500; x_wconf 84' lang='lat' dir='ltr'><strong>terris,</strong></span> <span class='ocrx_word' id='word_1_8' title='bbox 576 415 719 514; x_wconf 79' lang='lat' dir='ltr'><strong>nigroque</strong></span> <span class='ocrx_word' id='word_1_9' title='bbox 731 413 868 488; x_wconf 79' lang='lat' dir='ltr'><strong>simillima</strong></span> <span class='ocrx_word' id='word_1_10' title='bbox 881 434 991 514; x_wconf 77' lang='lat' dir='ltr'><strong>cygno:</strong></span> <span class='ocrx_word' id='word_1_11' title='bbox 1163 409 1242 514; x_wconf 55' lang='lat'><strong>5132</strong></span> <span class='ocrx_word' id='word_1_12' title='bbox 1279 428 1280 433; x_wconf 76' lang='grc'>’</span> 
     </span>
    </p>
   </div>
   <div class='ocr_carea' id='block_1_3' title="bbox 68 522 1013 620">
    <p class='ocr_par' dir='ltr' id='par_1_3' title="bbox 68 522 1013 620">
     <span class='ocr_line' id='line_1_3' title="bbox 68 522 1013 620; baseline -0.001 -22"><span class='ocrx_word' id='word_1_13' title='bbox 68 554 74 560; x_wconf 94' lang='grc'><strong><em>·</em></strong></span> <span class='ocrx_word' id='word_1_14' title='bbox 186 602 189 608; x_wconf 68' lang='grc'><em>,</em></span> <span class='ocrx_word' id='word_1_15' title='bbox 257 527 334 620; x_wconf 82' lang='lat' dir='ltr'><strong>Quis</strong></span> <span class='ocrx_word' id='word_1_16' title='bbox 347 527 418 598; x_wconf 91' lang='lat' dir='ltr'><strong>seret</strong></span> <span class='ocrx_word' id='word_1_17' title='bbox 430 553 566 610; x_wconf 84' lang='lat' dir='ltr'><strong>uxorem,</strong></span> <span class='ocrx_word' id='word_1_18' title='bbox 579 524 625 596; x_wconf 85' lang='lat' dir='ltr'><strong>cui</strong></span> <span class='ocrx_word' id='word_1_19' title='bbox 639 522 768 598; x_wconf 79' lang='lat' dir='ltr'><strong>constant</strong></span> <span class='ocrx_word' id='word_1_20' title='bbox 781 524 898 598; x_wconf 81' lang='lat' dir='ltr'><strong>omnia?</strong></span> <span class='ocrx_word' id='word_1_21' title='bbox 913 525 1013 607; x_wconf 71' lang='lat' dir='ltr'><strong>maso,</strong></span> 
     </span>
    </p>
   </div>
   <div class='ocr_carea' id='block_1_4' title="bbox 258 632 996 844">
    <p class='ocr_par' dir='ltr' id='par_1_4' title="bbox 258 632 996 844">
     <span class='ocr_line' id='line_1_4' title="bbox 258 632 996 733; baseline 0 -25"><span class='ocrx_word' id='word_1_22' title='bbox 258 637 344 709; x_wconf 88' lang='lat' dir='ltr'><strong>Malo</strong></span> <span class='ocrx_word' id='word_1_23' title='bbox 358 635 549 719; x_wconf 78' lang='lat' dir='ltr'><strong>Venusinam,</strong></span> <span class='ocrx_word' id='word_1_24' title='bbox 561 661 643 733; x_wconf 87' lang='lat' dir='ltr'><strong>quarn</strong></span> <span class='ocrx_word' id='word_1_25' title='bbox 658 659 707 718; x_wconf 89' lang='lat' dir='ltr'><strong>te,</strong></span> <span class='ocrx_word' id='word_1_26' title='bbox 721 633 860 708; x_wconf 88' lang='lat' dir='ltr'><strong>Cornelia</strong></span> <span class='ocrx_word' id='word_1_27' title='bbox 872 655 960 708; x_wconf 89' lang='lat' dir='ltr'><strong>mater</strong></span> <span class='ocrx_word' id='word_1_28' title='bbox 991 632 996 638; x_wconf 70' lang='grc'>’</span> 
     </span>
     <span class='ocr_line' id='line_1_5' title="bbox 259 745 967 844; baseline -0.004 -26"><span class='ocrx_word' id='word_1_29' title='bbox 259 747 477 832; x_wconf 80' lang='lat' dir='ltr'><strong>Gracchorum,</strong></span> <span class='ocrx_word' id='word_1_30' title='bbox 492 745 587 818; x_wconf 82' lang='lat' dir='ltr'><strong>ficum</strong></span> <span class='ocrx_word' id='word_1_31' title='bbox 599 745 707 844; x_wconf 74' lang='lat' dir='ltr'><strong>magnis</strong></span> <span class='ocrx_word' id='word_1_32' title='bbox 720 745 870 817; x_wconf 81' lang='lat' dir='ltr'><strong>virtutibus</strong></span> <span class='ocrx_word' id='word_1_33' title='bbox 881 745 967 816; x_wconf 78' lang='lat' dir='ltr'><strong>assere</strong></span> 
     </span>
    </p>
   </div>
   <div class='ocr_carea' id='block_1_5' title="bbox 242 857 1245 1066">
    <p class='ocr_par' dir='ltr' id='par_1_5' title="bbox 242 857 1245 1066">
     <span class='ocr_line' id='line_1_6' title="bbox 242 857 1089 958; baseline 0.004 -28"><span class='ocrx_word' id='word_1_34' title='bbox 242 943 244 948; x_wconf 23' lang='grc' dir='ltr'>Ι</span> <span class='ocrx_word' id='word_1_35' title='bbox 262 859 380 930; x_wconf 82' lang='lat' dir='ltr'>Grande</span> <span class='ocrx_word' id='word_1_36' title='bbox 394 860 595 958; x_wconf 81' lang='lat' dir='ltr'>supercilium,</span> <span class='ocrx_word' id='word_1_37' title='bbox 608 862 640 934; x_wconf 70' lang='grc' dir='ltr'>ἃ</span> <span class='ocrx_word' id='word_1_38' title='bbox 653 889 782 934; x_wconf 81' lang='lat' dir='ltr'><strong>numeras</strong></span> <span class='ocrx_word' id='word_1_39' title='bbox 793 859 821 932; x_wconf 91' lang='lat' dir='ltr'><strong>in</strong></span> <span class='ocrx_word' id='word_1_40' title='bbox 833 861 903 933; x_wconf 90' lang='lat' dir='ltr'><strong>dote</strong></span> <span class='ocrx_word' id='word_1_41' title='bbox 919 857 1089 958; x_wconf 70' lang='lat' dir='ltr'><strong>triumphos}</strong></span> 
     </span>
     <span class='ocr_line' id='line_1_7' title="bbox 261 965 1245 1066; baseline 0.001 -29"><span class='ocrx_word' id='word_1_42' title='bbox 261 967 351 1040; x_wconf 80' lang='lat' dir='ltr'>Tolle</span> <span class='ocrx_word' id='word_1_43' title='bbox 365 990 454 1050; x_wconf 87' lang='lat' dir='ltr'><strong>tunm,</strong></span> <span class='ocrx_word' id='word_1_44' title='bbox 470 995 588 1066; x_wconf 82' lang='lat' dir='ltr'>precor,</span> <span class='ocrx_word' id='word_1_45' title='bbox 599 968 806 1050; x_wconf 84' lang='lat' dir='ltr'><strong>Hannibalem,</strong></span> <span class='ocrx_word' id='word_1_46' title='bbox 818 967 976 1064; x_wconf 74' lang='lat' dir='ltr'><strong>vissarmqne</strong></span> <span class='ocrx_word' id='word_1_47' title='bbox 989 965 1149 1066; x_wconf 74' lang='lat' dir='ltr'><strong>Syphacem</strong></span> <span class='ocrx_word' id='word_1_48' title='bbox 1173 977 1245 1066; x_wconf 62' lang='lat'><strong>¹2⁶«</strong></span> 
     </span>
    </p>
   </div>
   <div class='ocr_carea' id='block_1_6' title="bbox 124 1075 988 1176">
    <p class='ocr_par' dir='ltr' id='par_1_6' title="bbox 124 1075 988 1176">
     <span class='ocr_line' id='line_1_8' title="bbox 124 1075 988 1176; baseline -0.008 -24"><span class='ocrx_word' id='word_1_49' title='bbox 124 1148 128 1152; x_wconf 85' lang='lat'>.</span> <span class='ocrx_word' id='word_1_50' title='bbox 262 1081 297 1151; x_wconf 87' lang='lat' dir='ltr'><strong>In</strong></span> <span class='ocrx_word' id='word_1_51' title='bbox 309 1076 399 1149; x_wconf 82' lang='lat' dir='ltr'><strong>castris</strong></span> <span class='ocrx_word' id='word_1_52' title='bbox 409 1130 420 1161; x_wconf 92' lang='lat'><strong>,</strong></span> <span class='ocrx_word' id='word_1_53' title='bbox 432 1077 541 1151; x_wconf 81' lang='lat' dir='ltr'><strong>&amp;cum</strong></span> <span class='ocrx_word' id='word_1_54' title='bbox 554 1099 615 1150; x_wconf 83' lang='lat' dir='ltr'><strong>tota</strong></span> <span class='ocrx_word' id='word_1_55' title='bbox 629 1077 801 1176; x_wconf 78' lang='lat' dir='ltr'>Carthagine</span> <span class='ocrx_word' id='word_1_56' title='bbox 814 1075 915 1173; x_wconf 82' lang='lat' dir='ltr'><strong>migra.</strong></span> <span class='ocrx_word' id='word_1_57' title='bbox 984 1152 988 1156; x_wconf 19' lang='lat'><em>⁴</em></span> 
     </span>
    </p>
   </div>
   <div class='ocr_carea' id='block_1_7' title="bbox 182 1181 1243 2058">
    <p class='ocr_par' dir='ltr' id='par_1_7' title="bbox 182 1181 1243 2058">
     <span class='ocr_line' id='line_1_9' title="bbox 314 1181 1071 1286; baseline -0.007 -25"><span class='ocrx_word' id='word_1_58' title='bbox 314 1181 420 1273; x_wconf 78' lang='lat' dir='ltr'><strong>Parce,</strong></span> <span class='ocrx_word' id='word_1_59' title='bbox 435 1215 557 1286; x_wconf 85' lang='lat' dir='ltr'><strong>precor,</strong></span> <span class='ocrx_word' id='word_1_60' title='bbox 570 1193 673 1270; x_wconf 86' lang='lat' dir='ltr'><strong>Paean,</strong></span> <span class='ocrx_word' id='word_1_61' title='bbox 687 1186 717 1260; x_wconf 70' lang='grc' dir='ltr'>ἃ</span> <span class='ocrx_word' id='word_1_62' title='bbox 731 1213 762 1258; x_wconf 88' lang='lat' dir='ltr'><strong>tu</strong></span> <span class='ocrx_word' id='word_1_63' title='bbox 774 1191 835 1257; x_wconf 87' lang='lat' dir='ltr'><strong>Dea</strong></span> <span class='ocrx_word' id='word_1_64' title='bbox 847 1213 927 1282; x_wconf 92' lang='lat' dir='ltr'><strong>pone</strong></span> <span class='ocrx_word' id='word_1_65' title='bbox 939 1183 1071 1284; x_wconf 67' lang='lat' dir='ltr'><strong>sagittar,</strong></span> 
     </span>
     <span class='ocr_line' id='line_1_10' title="bbox 263 1296 947 1399; baseline -0.013 -25"><span class='ocrx_word' id='word_1_66' title='bbox 263 1301 317 1374; x_wconf 89' lang='lat' dir='ltr'><strong>Nil</strong></span> <span class='ocrx_word' id='word_1_67' title='bbox 329 1299 410 1399; x_wconf 89' lang='lat' dir='ltr'><strong>pueri</strong></span> <span class='ocrx_word' id='word_1_68' title='bbox 423 1297 550 1381; x_wconf 80' lang='lat' dir='ltr'><strong>sariunt,</strong></span> <span class='ocrx_word' id='word_1_69' title='bbox 561 1298 647 1397; x_wconf 86' lang='lat' dir='ltr'><strong>ipsam</strong></span> <span class='ocrx_word' id='word_1_70' title='bbox 660 1296 798 1396; x_wconf 81' lang='lat' dir='ltr'><strong>configite</strong></span> <span class='ocrx_word' id='word_1_71' title='bbox 811 1305 947 1368; x_wconf 88' lang='lat' dir='ltr'><strong>matrem!</strong></span> 
     </span>
     <span class='ocr_line' id='line_1_11' title="bbox 190 1403 970 1507; baseline -0.005 -25"><span class='ocrx_word' id='word_1_72' title='bbox 190 1421 200 1452; x_wconf 61' lang='lat'><strong>&#39;‘</strong></span> <span class='ocrx_word' id='word_1_73' title='bbox 253 1409 413 1507; x_wconf 67' lang='lat' dir='ltr'><strong>Amphion</strong></span> <span class='ocrx_word' id='word_1_74' title='bbox 427 1407 543 1478; x_wconf 87' lang='lat' dir='ltr'><strong>clamat:</strong></span> <span class='ocrx_word' id='word_1_75' title='bbox 559 1407 607 1478; x_wconf 90' lang='lat' dir='ltr'><strong>sed</strong></span> <span class='ocrx_word' id='word_1_76' title='bbox 619 1411 701 1478; x_wconf 82' lang='lat' dir='ltr'><strong>Paean</strong></span> <span class='ocrx_word' id='word_1_77' title='bbox 713 1403 853 1477; x_wconf 80' lang='lat' dir='ltr'><strong>contrahit</strong></span> <span class='ocrx_word' id='word_1_78' title='bbox 865 1431 970 1478; x_wconf 90' lang='lat' dir='ltr'><strong>arcum.</strong></span> 
     </span>
     <span class='ocr_line' id='line_1_12' title="bbox 196 1505 1243 1620; baseline -0.004 -31"><span class='ocrx_word' id='word_1_79' title='bbox 196 1605 201 1620; x_wconf 25' lang='grc' dir='ltr'><strong>ι</strong></span> <span class='ocrx_word' id='word_1_80' title='bbox 266 1505 375 1590; x_wconf 88' lang='lat' dir='ltr'><strong>Extulit</strong></span> <span class='ocrx_word' id='word_1_81' title='bbox 387 1544 458 1614; x_wconf 84' lang='lat' dir='ltr'><strong>ergo</strong></span> <span class='ocrx_word' id='word_1_82' title='bbox 474 1542 576 1614; x_wconf 80' lang='lat' dir='ltr'><strong>greges</strong></span> <span class='ocrx_word' id='word_1_83' title='bbox 587 1538 736 1596; x_wconf 88' lang='lat' dir='ltr'><strong>natorum,</strong></span> <span class='ocrx_word' id='word_1_84' title='bbox 750 1512 900 1612; x_wconf 89' lang='lat' dir='ltr'><strong>ipsumque</strong></span> <span class='ocrx_word' id='word_1_85' title='bbox 914 1533 1080 1614; x_wconf 72' lang='lat' dir='ltr'><strong>parentem,</strong></span> <span class='ocrx_word' id='word_1_86' title='bbox 1175 1529 1243 1609; x_wconf 69' lang='grc' dir='ltr'><strong>ιη</strong></span> 
     </span>
     <span class='ocr_line' id='line_1_13' title="bbox 182 1615 1186 1722; baseline -0.003 -23"><span class='ocrx_word' id='word_1_87' title='bbox 182 1623 187 1631; x_wconf 60' lang='grc'><em>’</em></span> <span class='ocrx_word' id='word_1_88' title='bbox 258 1631 345 1699; x_wconf 85' lang='lat' dir='ltr'><strong>¹Dum</strong></span> <span class='ocrx_word' id='word_1_89' title='bbox 362 1623 411 1698; x_wconf 89' lang='lat' dir='ltr'><strong>sibi</strong></span> <span class='ocrx_word' id='word_1_90' title='bbox 424 1615 552 1697; x_wconf 82' lang='lat' dir='ltr'><strong>nobilior</strong></span> <span class='ocrx_word' id='word_1_91' title='bbox 565 1628 680 1697; x_wconf 86' lang='lat' dir='ltr'><strong>Latonae</strong></span> <span class='ocrx_word' id='word_1_92' title='bbox 694 1648 781 1722; x_wconf 85' lang='lat' dir='ltr'><strong>gente</strong></span> <span class='ocrx_word' id='word_1_93' title='bbox 795 1623 926 1709; x_wconf 83' lang='lat' dir='ltr'><strong>videtur,</strong></span> <span class='ocrx_word' id='word_1_94' title='bbox 1178 1615 1186 1625; x_wconf 60' lang='grc'>’</span> 
     </span>
     <span class='ocr_line' id='line_1_14' title="bbox 269 1723 961 1836; baseline -0.004 -26"><span class='ocrx_word' id='word_1_95' title='bbox 269 1749 366 1836; x_wconf 79' lang='lat' dir='ltr'><strong>Atque</strong></span> <span class='ocrx_word' id='word_1_96' title='bbox 381 1737 479 1809; x_wconf 89' lang='lat' dir='ltr'><strong>eadem</strong></span> <span class='ocrx_word' id='word_1_97' title='bbox 495 1723 585 1808; x_wconf 70' lang='lat' dir='ltr'><strong>sc&#39;rosa</strong></span> <span class='ocrx_word' id='word_1_98' title='bbox 597 1734 696 1806; x_wconf 85' lang='lat' dir='ltr'><strong>Niobe</strong></span> <span class='ocrx_word' id='word_1_99' title='bbox 709 1735 961 1829; x_wconf 77' lang='lat' dir='ltr'><strong>soecnndiotasba.¹</strong></span> 
     </span>
     <span class='ocr_line' id='line_1_15' title="bbox 267 1842 1055 1945; baseline 0.005 -31"><span class='ocrx_word' id='word_1_100' title='bbox 267 1853 348 1942; x_wconf 69' lang='lat' dir='ltr'><strong>,Quae</strong></span> <span class='ocrx_word' id='word_1_101' title='bbox 360 1847 429 1920; x_wconf 87' lang='lat' dir='ltr'><strong>tanti</strong></span> <span class='ocrx_word' id='word_1_102' title='bbox 445 1845 580 1945; x_wconf 85' lang='lat' dir='ltr'><strong>gravitas,</strong></span> <span class='ocrx_word' id='word_1_103' title='bbox 595 1873 658 1943; x_wconf 86' lang='lat' dir='ltr'><strong>quae</strong></span> <span class='ocrx_word' id='word_1_104' title='bbox 673 1845 783 1938; x_wconf 87' lang='lat' dir='ltr'><strong>sorma,</strong></span> <span class='ocrx_word' id='word_1_105' title='bbox 794 1869 825 1918; x_wconf 89' lang='lat' dir='ltr'><strong>ut</strong></span> <span class='ocrx_word' id='word_1_106' title='bbox 838 1846 868 1918; x_wconf 89' lang='lat' dir='ltr'><strong>se</strong></span> <span class='ocrx_word' id='word_1_107' title='bbox 879 1842 932 1917; x_wconf 85' lang='lat' dir='ltr'><strong>tibi</strong></span> <span class='ocrx_word' id='word_1_108' title='bbox 944 1845 1055 1944; x_wconf 86' lang='lat' dir='ltr'><strong>semper</strong></span> 
     </span>
     <span class='ocr_line' id='line_1_16' title="bbox 270 1955 1230 2058; baseline -0.003 -26"><span class='ocrx_word' id='word_1_109' title='bbox 270 1967 413 2058; x_wconf 82' lang='lat' dir='ltr'><strong>Imputet?</strong></span> <span class='ocrx_word' id='word_1_110' title='bbox 429 1959 511 2051; x_wconf 81' lang='lat' dir='ltr'><strong>hujus</strong></span> <span class='ocrx_word' id='word_1_111' title='bbox 524 1955 598 2028; x_wconf 90' lang='lat' dir='ltr'><strong>enim</strong></span> <span class='ocrx_word' id='word_1_112' title='bbox 613 1956 666 2028; x_wconf 89' lang='lat' dir='ltr'><strong>rari</strong></span> <span class='ocrx_word' id='word_1_113' title='bbox 678 1956 835 2055; x_wconf 87' lang='lat' dir='ltr'><strong>summique</strong></span> <span class='ocrx_word' id='word_1_114' title='bbox 848 1959 981 2056; x_wconf 77' lang='lat' dir='ltr'><strong>voluptas</strong></span> <span class='ocrx_word' id='word_1_115' title='bbox 1122 1964 1124 1969; x_wconf 80' lang='grc'><strong>’</strong></span> <span class='ocrx_word' id='word_1_116' title='bbox 1226 2008 1230 2018; x_wconf 54' lang='lat'><em>1</em></span> 
     </span>
    </p>
   </div>
   <div class='ocr_carea' id='block_1_8' title="bbox 103 2061 1249 2194">
    <p class='ocr_par' dir='ltr' id='par_1_8' title="bbox 103 2061 1249 2194">
     <span class='ocr_line' id='line_1_17' title="bbox 103 2061 1249 2194; baseline -0.005 -52"><span class='ocrx_word' id='word_1_117' title='bbox 103 2082 128 2194; x_wconf 38' lang='grc' dir='ltr'><strong>κ’</strong></span> <span class='ocrx_word' id='word_1_118' title='bbox 228 2131 231 2144; x_wconf 81' lang='grc'>,</span> <span class='ocrx_word' id='word_1_119' title='bbox 271 2069 358 2141; x_wconf 87' lang='lat' dir='ltr'><strong>Nossa</strong></span> <span class='ocrx_word' id='word_1_120' title='bbox 371 2066 462 2150; x_wconf 90' lang='lat' dir='ltr'><strong>boni,</strong></span> <span class='ocrx_word' id='word_1_121' title='bbox 476 2064 587 2164; x_wconf 83' lang='lat' dir='ltr'><strong>quoties</strong></span> <span class='ocrx_word' id='word_1_122' title='bbox 601 2061 696 2140; x_wconf 88' lang='lat' dir='ltr'><strong>animo</strong></span> <span class='ocrx_word' id='word_1_123' title='bbox 709 2068 977 2166; x_wconf 86' lang='lat' dir='ltr'><strong>corruptasoperbo</strong></span> <span class='ocrx_word' id='word_1_124' title='bbox 1175 2072 1249 2141; x_wconf 62' lang='lat' dir='ltr'><strong>(esd</strong></span> 
     </span>
    </p>
   </div>
   <div class='ocr_carea' id='block_1_9' title="bbox 272 2173 1130 2604">
    <p class='ocr_par' dir='ltr' id='par_1_9' title="bbox 272 2173 1110 2496">
     <span class='ocr_line' id='line_1_18' title="bbox 273 2173 1057 2277; baseline -0.001 -23"><span class='ocrx_word' id='word_1_125' title='bbox 273 2183 339 2254; x_wconf 84' lang='lat' dir='ltr'>Plus</span> <span class='ocrx_word' id='word_1_126' title='bbox 352 2183 449 2272; x_wconf 76' lang='lat' dir='ltr'><strong>aloes,</strong></span> <span class='ocrx_word' id='word_1_127' title='bbox 462 2206 545 2277; x_wconf 85' lang='lat' dir='ltr'><strong>quam</strong></span> <span class='ocrx_word' id='word_1_128' title='bbox 557 2173 649 2250; x_wconf 83' lang='lat' dir='ltr'><strong>mellis</strong></span> <span class='ocrx_word' id='word_1_129' title='bbox 662 2179 754 2251; x_wconf 86' lang='lat' dir='ltr'><strong>habet.</strong></span> <span class='ocrx_word' id='word_1_130' title='bbox 768 2177 829 2277; x_wconf 87' lang='lat' dir='ltr'><strong>qnis</strong></span> <span class='ocrx_word' id='word_1_131' title='bbox 843 2179 952 2251; x_wconf 87' lang='lat' dir='ltr'><strong>deditus</strong></span> <span class='ocrx_word' id='word_1_132' title='bbox 964 2204 1057 2252; x_wconf 89' lang='lat' dir='ltr'><strong>autent</strong></span> 
     </span>
     <span class='ocr_line' id='line_1_19' title="bbox 273 2287 1110 2388; baseline -0.001 -26"><span class='ocrx_word' id='word_1_133' title='bbox 273 2293 372 2388; x_wconf 81' lang='lat' dir='ltr'><strong>Usque</strong></span> <span class='ocrx_word' id='word_1_134' title='bbox 384 2292 456 2386; x_wconf 82' lang='lat' dir='ltr'><strong>adeo</strong></span> <span class='ocrx_word' id='word_1_135' title='bbox 471 2291 511 2362; x_wconf 87' lang='lat' dir='ltr'><strong>est</strong></span> <span class='ocrx_word' id='word_1_136' title='bbox 522 2345 532 2375; x_wconf 87' lang='lat'>‚</span> <span class='ocrx_word' id='word_1_137' title='bbox 544 2311 575 2360; x_wconf 90' lang='lat' dir='ltr'><strong>ut</strong></span> <span class='ocrx_word' id='word_1_138' title='bbox 591 2315 648 2362; x_wconf 93' lang='lat' dir='ltr'><strong>non</strong></span> <span class='ocrx_word' id='word_1_139' title='bbox 663 2287 759 2373; x_wconf 87' lang='lat' dir='ltr'><strong>issam,</strong></span> <span class='ocrx_word' id='word_1_140' title='bbox 772 2318 855 2388; x_wconf 88' lang='lat' dir='ltr'><strong>quam</strong></span> <span class='ocrx_word' id='word_1_141' title='bbox 868 2289 1110 2374; x_wconf 74' lang='lat' dir='ltr'><strong>saudiboseffert,</strong></span> 
     </span>
     <span class='ocr_line' id='line_1_20' title="bbox 272 2397 955 2496; baseline -0.007 -22"><span class='ocrx_word' id='word_1_142' title='bbox 272 2405 397 2474; x_wconf 83' lang='lat' dir='ltr'><strong>Horteat</strong></span> <span class='ocrx_word' id='word_1_143' title='bbox 408 2453 418 2482; x_wconf 90' lang='lat'><strong>,</strong></span> <span class='ocrx_word' id='word_1_144' title='bbox 431 2398 517 2496; x_wconf 88' lang='lat' dir='ltr'><strong>inque</strong></span> <span class='ocrx_word' id='word_1_145' title='bbox 532 2397 607 2469; x_wconf 89' lang='lat' dir='ltr'><strong>diem</strong></span> <span class='ocrx_word' id='word_1_146' title='bbox 618 2398 738 2495; x_wconf 78' lang='lat' dir='ltr'><strong>septenis</strong></span> <span class='ocrx_word' id='word_1_147' title='bbox 750 2399 845 2470; x_wconf 90' lang='lat' dir='ltr'><strong>oderit</strong></span> <span class='ocrx_word' id='word_1_148' title='bbox 856 2398 955 2470; x_wconf 81' lang='lat' dir='ltr'><strong>horit?</strong></span> 
     </span>
    </p>

    <p class='ocr_par' dir='ltr' id='par_1_10' title="bbox 326 2506 1130 2604">
     <span class='ocr_line' id='line_1_21' title="bbox 326 2506 1130 2604; baseline 0.002 -26"><span class='ocrx_word' id='word_1_149' title='bbox 326 2509 464 2601; x_wconf 84' lang='lat' dir='ltr'><strong>Quaedam</strong></span> <span class='ocrx_word' id='word_1_150' title='bbox 478 2535 563 2604; x_wconf 86' lang='lat' dir='ltr'><strong>parva</strong></span> <span class='ocrx_word' id='word_1_151' title='bbox 578 2506 709 2603; x_wconf 83' lang='lat' dir='ltr'><strong>quidem:</strong></span> <span class='ocrx_word' id='word_1_152' title='bbox 722 2507 771 2578; x_wconf 90' lang='lat' dir='ltr'><strong>sed</strong></span> <span class='ocrx_word' id='word_1_153' title='bbox 785 2534 843 2579; x_wconf 92' lang='lat' dir='ltr'><strong>non</strong></span> <span class='ocrx_word' id='word_1_154' title='bbox 854 2507 1001 2580; x_wconf 88' lang='lat' dir='ltr'><strong>toleranda</strong></span> <span class='ocrx_word' id='word_1_155' title='bbox 1015 2507 1130 2580; x_wconf 69' lang='lat' dir='ltr'><strong>maritis:</strong></span> 
     </span>
    </p>
   </div>
   <div class='ocr_carea' id='block_1_10' title="bbox 130 2615 1244 2716">
    <p class='ocr_par' dir='ltr' id='par_1_11' title="bbox 130 2615 1244 2716">
     <span class='ocr_line' id='line_1_22' title="bbox 130 2615 1244 2716; baseline -0.004 -25"><span class='ocrx_word' id='word_1_156' title='bbox 130 2622 138 2649; x_wconf 74' lang='lat'>¹</span> <span class='ocrx_word' id='word_1_157' title='bbox 270 2621 350 2689; x_wconf 64' lang='lat' dir='ltr'><strong>&#39;Nam</strong></span> <span class='ocrx_word' id='word_1_158' title='bbox 363 2615 430 2712; x_wconf 87' lang='lat' dir='ltr'><strong>quid</strong></span> <span class='ocrx_word' id='word_1_159' title='bbox 445 2616 600 2700; x_wconf 75' lang='lat' dir='ltr'><strong>rancidior,</strong></span> <span class='ocrx_word' id='word_1_160' title='bbox 614 2639 698 2710; x_wconf 86' lang='lat' dir='ltr'><strong>quarn</strong></span> <span class='ocrx_word' id='word_1_161' title='bbox 710 2616 791 2710; x_wconf 89' lang='lat' dir='ltr'><strong>quod</strong></span> <span class='ocrx_word' id='word_1_162' title='bbox 804 2617 833 2688; x_wconf 92' lang='lat' dir='ltr'><strong>se</strong></span> <span class='ocrx_word' id='word_1_163' title='bbox 845 2629 904 2688; x_wconf 80' lang='lat' dir='ltr'><strong>n&#39;on</strong></span> <span class='ocrx_word' id='word_1_164' title='bbox 919 2641 997 2716; x_wconf 90' lang='lat' dir='ltr'><strong>putat</strong></span> <span class='ocrx_word' id='word_1_165' title='bbox 1008 2619 1066 2689; x_wconf 87' lang='lat' dir='ltr'><strong>ussa</strong></span> <span class='ocrx_word' id='word_1_166' title='bbox 1182 2622 1244 2710; x_wconf 63' lang='lat' dir='ltr'><strong>asp</strong></span> 
     </span>
    </p>
   </div>
   <div class='ocr_carea' id='block_1_11' title="bbox 217 2724 1280 3704">
    <p class='ocr_par' dir='ltr' id='par_1_12' title="bbox 217 2724 1058 2824">
     <span class='ocr_line' id='line_1_23' title="bbox 217 2724 1058 2824; baseline 0.006 -25"><span class='ocrx_word' id='word_1_167' title='bbox 217 2739 220 2744; x_wconf 84' lang='grc'><em>“</em></span> <span class='ocrx_word' id='word_1_168' title='bbox 251 2811 254 2818; x_wconf 69' lang='lat'><strong>,</strong></span> <span class='ocrx_word' id='word_1_169' title='bbox 276 2728 463 2810; x_wconf 79' lang='lat' dir='ltr'><strong>Formosam,</strong></span> <span class='ocrx_word' id='word_1_170' title='bbox 477 2724 526 2797; x_wconf 86' lang='lat' dir='ltr'><strong>nist</strong></span> <span class='ocrx_word' id='word_1_171' title='bbox 540 2751 605 2822; x_wconf 75' lang='lat' dir='ltr'><strong>quar</strong></span> <span class='ocrx_word' id='word_1_172' title='bbox 617 2726 653 2796; x_wconf 92' lang='lat' dir='ltr'><strong>de</strong></span> <span class='ocrx_word' id='word_1_173' title='bbox 666 2724 757 2798; x_wconf 88' lang='lat' dir='ltr'><strong>Tusca</strong></span> <span class='ocrx_word' id='word_1_174' title='bbox 772 2728 903 2799; x_wconf 82' lang='lat' dir='ltr'><strong>Graetula</strong></span> <span class='ocrx_word' id='word_1_175' title='bbox 916 2729 986 2800; x_wconf 72' lang='lat' dir='ltr'><strong>sassa</strong></span> <span class='ocrx_word' id='word_1_176' title='bbox 998 2732 1058 2824; x_wconf 80' lang='lat' dir='ltr'><strong>es?</strong></span> 
     </span>
    </p>

    <p class='ocr_par' dir='ltr' id='par_1_13' title="bbox 278 2832 1164 2937">
     <span class='ocr_line' id='line_1_24' title="bbox 278 2838 1164 2937; baseline 0.003 -24"><span class='ocrx_word' id='word_1_177' title='bbox 278 2845 326 2913; x_wconf 89' lang='lat' dir='ltr'><strong>De</strong></span> <span class='ocrx_word' id='word_1_178' title='bbox 340 2841 518 2914; x_wconf 77' lang='lat' dir='ltr'><strong>Sulmonensi</strong></span> <span class='ocrx_word' id='word_1_179' title='bbox 533 2867 609 2914; x_wconf 89' lang='lat' dir='ltr'><strong>mera</strong></span> <span class='ocrx_word' id='word_1_180' title='bbox 623 2840 783 2937; x_wconf 72' lang='lat' dir='ltr'><strong>Cecropio?</strong></span> <span class='ocrx_word' id='word_1_181' title='bbox 799 2838 891 2913; x_wconf 90' lang='lat' dir='ltr'><strong>omnia</strong></span> <span class='ocrx_word' id='word_1_182' title='bbox 908 2846 1030 2928; x_wconf 82' lang='lat' dir='ltr'><strong>Graece,</strong></span> <span class='ocrx_word' id='word_1_183' title='bbox 1158 2871 1164 2884; x_wconf 81' lang='grc'><em>·</em></span> 
     </span>
    </p>

    <p class='ocr_par' dir='ltr' id='par_1_14' title="bbox 279 2935 946 3048">
     <span class='ocr_line' id='line_1_25' title="bbox 279 2935 946 3048; baseline 0.003 -31"><span class='ocrx_word' id='word_1_184' title='bbox 279 2951 353 3018; x_wconf 86' lang='lat' dir='ltr'><strong>Com</strong></span> <span class='ocrx_word' id='word_1_185' title='bbox 369 2947 402 3018; x_wconf 90' lang='lat' dir='ltr'><strong>srt</strong></span> <span class='ocrx_word' id='word_1_186' title='bbox 413 2973 495 3048; x_wconf 89' lang='lat' dir='ltr'><strong>turpe</strong></span> <span class='ocrx_word' id='word_1_187' title='bbox 507 2935 595 3042; x_wconf 71' lang='lat' dir='ltr'><strong>magis</strong></span> <span class='ocrx_word' id='word_1_188' title='bbox 607 2948 705 3038; x_wconf 80' lang='lat' dir='ltr'><strong>nostris</strong></span> <span class='ocrx_word' id='word_1_189' title='bbox 719 2948 828 3021; x_wconf 89' lang='lat' dir='ltr'><strong>nescire</strong></span> <span class='ocrx_word' id='word_1_190' title='bbox 840 2947 946 3019; x_wconf 84' lang='lat' dir='ltr'><strong>Latine.</strong></span> 
     </span>
    </p>

    <p class='ocr_par' dir='ltr' id='par_1_15' title="bbox 282 3056 1280 3374">
     <span class='ocr_line' id='line_1_26' title="bbox 282 3056 1280 3156; baseline -0.001 -28"><span class='ocrx_word' id='word_1_191' title='bbox 282 3063 348 3129; x_wconf 86' lang='lat' dir='ltr'><strong>Hoc</strong></span> <span class='ocrx_word' id='word_1_192' title='bbox 361 3060 492 3129; x_wconf 91' lang='lat' dir='ltr'><strong>sermone</strong></span> <span class='ocrx_word' id='word_1_193' title='bbox 508 3081 629 3153; x_wconf 80' lang='lat' dir='ltr'><strong>panem,</strong></span> <span class='ocrx_word' id='word_1_194' title='bbox 644 3057 700 3126; x_wconf 88' lang='lat' dir='ltr'><strong>hoc</strong></span> <span class='ocrx_word' id='word_1_195' title='bbox 712 3056 803 3139; x_wconf 90' lang='lat' dir='ltr'><strong>iram,</strong></span> <span class='ocrx_word' id='word_1_196' title='bbox 817 3057 936 3156; x_wconf 81' lang='lat' dir='ltr'><strong>gandia,</strong></span> <span class='ocrx_word' id='word_1_197' title='bbox 952 3073 1052 3146; x_wconf 69' lang='lat' dir='ltr'><strong>curat,</strong></span> <span class='ocrx_word' id='word_1_198' title='bbox 1137 3118 1140 3124; x_wconf 91' lang='lat'><em>.</em></span> <span class='ocrx_word' id='word_1_199' title='bbox 1279 3124 1280 3127; x_wconf 74' lang='grc'>,</span> 
     </span>
     <span class='ocr_line' id='line_1_27' title="bbox 282 3164 1246 3264; baseline -0.004 -26"><span class='ocrx_word' id='word_1_200' title='bbox 282 3170 348 3238; x_wconf 83' lang='lat' dir='ltr'><strong>Hor</strong></span> <span class='ocrx_word' id='word_1_201' title='bbox 362 3168 457 3238; x_wconf 75' lang='lat' dir='ltr'><strong>cunssa</strong></span> <span class='ocrx_word' id='word_1_202' title='bbox 473 3166 619 3236; x_wconf 83' lang='lat' dir='ltr'><strong>effundunt</strong></span> <span class='ocrx_word' id='word_1_203' title='bbox 631 3164 715 3237; x_wconf 81' lang='lat' dir='ltr'><strong>animi</strong></span> <span class='ocrx_word' id='word_1_204' title='bbox 728 3166 846 3263; x_wconf 82' lang='lat' dir='ltr'><strong>secreta.</strong></span> <span class='ocrx_word' id='word_1_205' title='bbox 869 3167 935 3264; x_wconf 88' lang='lat' dir='ltr'><strong>quid</strong></span> <span class='ocrx_word' id='word_1_206' title='bbox 949 3168 1041 3239; x_wconf 78' lang='lat' dir='ltr'><strong>ostra?</strong></span> <span class='ocrx_word' id='word_1_207' title='bbox 1181 3173 1246 3254; x_wconf 62' lang='lat' dir='ltr'><strong>apd</strong></span> 
     </span>
     <span class='ocr_line' id='line_1_28' title="bbox 284 3275 1028 3374; baseline -0.001 -28"><span class='ocrx_word' id='word_1_208' title='bbox 284 3277 486 3346; x_wconf 88' lang='lat' dir='ltr'><strong>Coneumbnnt</strong></span> <span class='ocrx_word' id='word_1_209' title='bbox 500 3279 612 3346; x_wconf 84' lang='lat' dir='ltr'><strong>Graece.</strong></span> <span class='ocrx_word' id='word_1_210' title='bbox 628 3276 725 3368; x_wconf 68' lang='lat' dir='ltr'><strong>¹doner</strong></span> <span class='ocrx_word' id='word_1_211' title='bbox 739 3300 832 3349; x_wconf 87' lang='lat' dir='ltr'><strong>tamen</strong></span> <span class='ocrx_word' id='word_1_212' title='bbox 847 3275 895 3374; x_wconf 76' lang='lat' dir='ltr'><strong>issa</strong></span> <span class='ocrx_word' id='word_1_213' title='bbox 909 3275 1028 3374; x_wconf 85' lang='lat' dir='ltr'><strong>poessis:</strong></span> 
     </span>
    </p>

    <p class='ocr_par' dir='ltr' id='par_1_16' title="bbox 283 3384 1030 3486">
     <span class='ocr_line' id='line_1_29' title="bbox 283 3384 1030 3486; baseline 0.005 -34"><span class='ocrx_word' id='word_1_214' title='bbox 283 3387 367 3455; x_wconf 86' lang='lat' dir='ltr'><strong>Tune</strong></span> <span class='ocrx_word' id='word_1_215' title='bbox 381 3384 482 3467; x_wconf 83' lang='lat' dir='ltr'><strong>etiam,</strong></span> <span class='ocrx_word' id='word_1_216' title='bbox 495 3412 576 3481; x_wconf 87' lang='lat' dir='ltr'><strong>quam</strong></span> <span class='ocrx_word' id='word_1_217' title='bbox 591 3384 725 3457; x_wconf 74' lang='lat' dir='ltr'><strong>sertus&amp;</strong></span> <span class='ocrx_word' id='word_1_218' title='bbox 740 3386 929 3486; x_wconf 66' lang='lat' dir='ltr'><strong>ottogesimos</strong></span> <span class='ocrx_word' id='word_1_219' title='bbox 941 3412 1030 3456; x_wconf 82' lang='lat' dir='ltr'><strong>annot</strong></span> 
     </span>
    </p>

    <p class='ocr_par' dir='ltr' id='par_1_17' title="bbox 284 3493 1054 3594">
     <span class='ocr_line' id='line_1_30' title="bbox 284 3493 1054 3594; baseline 0.001 -28"><span class='ocrx_word' id='word_1_220' title='bbox 284 3493 396 3574; x_wconf 87' lang='lat' dir='ltr'><strong>Pulsat,</strong></span> <span class='ocrx_word' id='word_1_221' title='bbox 411 3496 499 3566; x_wconf 83' lang='lat' dir='ltr'><strong>adhuc</strong></span> <span class='ocrx_word' id='word_1_222' title='bbox 512 3500 634 3566; x_wconf 87' lang='lat' dir='ltr'><strong>Graece?</strong></span> <span class='ocrx_word' id='word_1_223' title='bbox 648 3523 709 3565; x_wconf 92' lang='lat' dir='ltr'><strong>non</strong></span> <span class='ocrx_word' id='word_1_224' title='bbox 722 3496 760 3568; x_wconf 83' lang='lat' dir='ltr'><strong>est</strong></span> <span class='ocrx_word' id='word_1_225' title='bbox 772 3496 819 3567; x_wconf 89' lang='lat' dir='ltr'><strong>hic</strong></span> <span class='ocrx_word' id='word_1_226' title='bbox 830 3496 922 3567; x_wconf 92' lang='lat' dir='ltr'><strong>sermo</strong></span> <span class='ocrx_word' id='word_1_227' title='bbox 931 3494 1054 3594; x_wconf 79' lang='lat' dir='ltr'><strong>pudicos</strong></span> 
     </span>
    </p>

    <p class='ocr_par' dir='ltr' id='par_1_18' title="bbox 249 3603 980 3704">
     <span class='ocr_line' id='line_1_31' title="bbox 249 3603 980 3704; baseline 0.001 -30"><span class='ocrx_word' id='word_1_228' title='bbox 249 3693 255 3704; x_wconf 93' lang='lat'><em>.</em></span> <span class='ocrx_word' id='word_1_229' title='bbox 286 3607 319 3674; x_wconf 90' lang='lat' dir='ltr'><strong>ln</strong></span> <span class='ocrx_word' id='word_1_230' title='bbox 332 3604 442 3690; x_wconf 75' lang='lat' dir='ltr'><strong>retusa,</strong></span> <span class='ocrx_word' id='word_1_231' title='bbox 457 3603 569 3704; x_wconf 87' lang='lat' dir='ltr'><strong>quoties</strong></span> <span class='ocrx_word' id='word_1_232' title='bbox 583 3603 714 3680; x_wconf 81' lang='lat' dir='ltr'><strong>lascivum</strong></span> <span class='ocrx_word' id='word_1_233' title='bbox 726 3603 878 3679; x_wconf 75' lang='lat' dir='ltr'><strong>intervenit</strong></span> <span class='ocrx_word' id='word_1_234' title='bbox 889 3603 980 3704; x_wconf 64' lang='lat' dir='ltr'><strong>illud,</strong></span> 
     </span>
    </p>
   </div>
   <div class='ocr_carea' id='block_1_12' title="bbox 0 0 1363 4592">
    <p class='ocr_par' dir='ltr' id='par_1_19' title="bbox 0 0 1363 4592">
     <span class='ocr_line' id='line_1_32' title="bbox 0 0 1363 4592; baseline 0 0"><span class='ocrx_word' id='word_1_235' title='bbox 0 0 1363 4592; x_wconf 95' lang='lat' dir='ltr'><strong> </strong></span> 
     </span>
    </p>
   </div>
  </div>
 </body>
</html>
