2634 4592
258 300 366 398 'rx'
496 317 1001 433 :tracturum
1095 301 1099 305 ’

342 567 1217 772 turitunii-ss

270 885 273 893 .
578 866 883 1001 mm
1257 929 1260 934 ‚

335 1147 431 1214 Prima
456 1148 544 1212 docet
569 1109 669 1214 Saiirae
692 1149 828 1227 causam,
847 1149 1031 1231 formamque
1048 1148 1156 1214 libelli:

253 1376 382 1461 Uffenfits
400 1379 558 1461 pervulgata
581 1378 725 1440 carminum
748 1379 874 1439 malorum
887 1377 1039 1438 recitatione
1059 1374 1233 1450 Iuvenalis,

295 1461 377 1520 uicem
401 1461 457 1542 islis
481 1461 583 1540 quidem
603 1461 737 1542 sepoetis
757 1460 919 1521 redditurum
942 1458 1100 1538 profitetur,
1116 1478 1231 1538 crureque

295 1541 472 1599 Romanorum
489 1558 528 1599 tot
545 1563 578 1600 ac
601 1560 695 1602 tantas
709 1539 757 1621 effe
768 1541 863 1622 'firrtles
880 1543 907 1600 G·
923 1541 1036 1621 flagitia
1056 1540 1172 1612 uideret,
1195 1557 1230 1598 ut

293 1619 400 1702 difficile
415 1621 526 1680 omnino
546 1620 622 1700 fft,
638 1623 757 1681 Satiram
776 1644 830 1681 non
842 1622 952 1704 scribere
960 1667 971 1694 ,
995 1622 1044 1680 bac
1060 1620 1164 1700 quidem
1181 1621 1231 1678 de-

295 1699 359 1780 ligii
362 1700 495 1780 scribendi
507 1722 607 1780 genus,
621 1719 699 1761 ratus
710 1747 719 1776 ,
724 1704 754 1781 st
761 1720 857 1761 natura
871 1719 963 1784 neget,
970 1701 1050 1780 fitre,
1066 1701 1228 1780 indignatio

294 1799 326 1840 ut
343 1781 443 1860 uersum
453 1780 557 1862 faciat,
582 1787 695 1846 Ceterum
718 1805 779 1843 eum
791 1785 894 1845 minime
913 1781 1057 1864 eonfitltum
1075 1783 1229 1854 uideretur,
1305 1819 1307 1859 t

222 1899 224 1905 ·
294 1861 374 1922 uiuos
391 1862 531 1939 vellicare,
540 1861 604 1945 firto
615 1865 677 1947 jam
697 1864 832 1946 deflendos
855 1864 914 1945 slili
927 1865 974 1944 fiii
994 1865 1051 1923 acie
1067 1860 1229 1942 potrffimum

290 1944 471 2023 persequitur,
483 1945 535 2025 sed
551 1944 721 2020 ita⁷tamert,
743 1947 784 2006 uti
805 1947 885 2007 viros
898 1945 982 2025 fimul
1003 1943 1100 2006 callide
1116 1945 1144 2006 Cr
1160 1964 1231 2004 cart·

295 2039 321 2083 te
339 2042 454 2091 moneat.
671 2056 675 2066 1

576 2233 908 2314 snrttrrtr·

335 2439 473 2516 Arguitur
492 2439 584 2500 Satira
603 2436 734 2515 probitas
753 2435 883 2500 stmulata
900 2435 1037 2502 secunda.
1104 2453 1108 2458 “

209 2689 213 2702 ,
252 2631 323 2700 ⁴Hac
337 2635 430 2694 Satira
445 2623 532 2714 poeta¹
543 2635 623 2714 nasler
638 2634 667 2692 in
686 2633 861 2726 pbilosrpltos
878 2630 1029 2703 iambitur,
1044 2626 1090 2709 'qur'
1101 2631 1228 2692 uirtutem
1308 2702 1309 2711 q

265 2759 267 2766 -
297 2721 359 2786 refle
374 2715 627 2795 laudantquidem,
638 2714 807 2796 pluribusque
822 2713 909 2772 uerbis
919 2713 1089 2793 profitentur,
1101 2715 1162 2772 uita
1176 2735 1227 2772 au·

296 2816 347 2856 tem
355 2799 409 2879 sua
423 2798 574 2878 dogmatum
583 2798 692 2877 storum
708 2796 764 2854 uirn
773 2793 970 2876 &surditatem
986 2793 1085 2872 ipsimet
1099 2794 1227 2874 desintere

297 2900 352 2938 non
374 2879 547 2958 erubescunt,
567 2877 706 2958 Curiosque
719 2875 874 2956 fimulantes
899 2872 1076 2934 bacchanalia
1099 2877 1229 2934 audacter

297 2961 403 3020 vivur'rt.
421 2961 532 3020 Mox&
546 2960 668 3038 Casarem
680 2957 909 3040 persbingit,qui,
919 2956 1022 3037 incestis
1030 2953 1133 3034 nuptiis
1140 2957 1226 3016 edillo

298 3041 497 3111 condemnatis,
512 3040 566 3120 ipse
576 3060 653 3117 quam
666 3038 805 3118 turpiffimo
814 3038 906 3116 inceslu
915 3038 947 3117 se
957 3035 1096 3117 polluerat.
1109 3037 1174 3095 Tum
1187 3038 1228 3096 ad

291 3118 399 3199 judiees
422 3120 547 3191 delatus,
570 3120 690 3176 habiturn
711 3120 816 3176 illorum
836 3117 958 3189 mollem,
975 3116 1002 3175 G·
1018 3117 1061 3175 nil
1078 3119 1225 3196 quidquam

298 3199 457 3258 verecundia
471 3199 614 3272 habentem,
619 3199 719 3278 sirenue
731 3199 869 3277 exagitat,
886 3200 977 3279 eosque
988 3196 1152 3276 &femineas
1160 3219 1225 3257 mox
1307 3240 1310 3250 ·

299 3279 439 3354 indicturos
458 3278 601 3360 esemfles
615 3276 730 3358 conjicit.
750 3281 800 3338 Ad
817 3279 956 3337 extremum
973 3279 1074 3338 nobiles
1085 3280 1225 3338 Romanos

299 3361 408 3439 arguit,
424 3361 470 3438 qui
490 3361 549 3418 dote
572 3361 638 3416 data
657 3360 768 3418 inuicem
786 3358 931 3430 nubebant,
952 3377 1031 3438 atque
1057 3360 1116 3418 alia
1127 3359 1227 3439 palam

299 3443 453 3500 committere
467 3439 579 3520 flagitia
596 3461 650 3498 non
666 3436 830 3499 verebantur.
851 3439 962 3519 Causam
981 3461 1040 3500 vero
1061 3442 1151 3498 borum
1159 3443 1225 3520 sce·

300 3520 379 3579 lerum
397 3521 465 3578 banc
482 3541 535 3577 non
551 3520 653 3600 obscure
670 3518 760 3598 refert,
778 3521 847 3598 quod
862 3524 952 3580 Roma
967 3543 1040 3580 nemo
1058 3521 1174 3601 amplius
1184 3522 1225 3578 di-

242 3595 246 3610 ¹
300 3600 360 3659 uini
372 3601 487 3659 numinis
501 3602 647 3660 'uindillam
663 3600 827 3681 reformidet,
837 3603 994 3684 nemoapud
1007 3600 1106 3681 inferos
1116 3602 1228 3686 suppli,

300 3680 345 3740 cia
353 3680 449 3760 futura
468 3683 564 3742 credat.
1054 3681 1056 3685 ¹
