2634 4592
321 292 435 367 nor.
454 293 542 367 tn.
563 294 637 365 Da
656 238 849 365 rarsross
1013 306 1082 377 vn

102 486 179 539 tunt
205 483 249 535 eo
270 461 393 536 Annaei
417 458 584 551 Cornuti,
602 473 613 509 ¹
636 455 835 556 philosophi
857 452 991 546 Stoici,
1009 480 1074 529 au·

102 556 219 665 ditor,
235 572 298 647 vix
318 572 570 671 duodetriginta
589 593 701 643 annos
721 585 843 656 natus,
866 565 956 639 obiit
978 590 1075 638 anno

99 680 237 781 imperii
251 678 402 754 Neronis
415 702 525 753 nono.
549 676 705 773 Reliquis
719 675 821 748 Perfii
838 672 1005 772 poematis
1021 672 1076 769 ju·
1102 754 1108 761 ,

99 790 273 869 venilibus
290 789 378 887 jullu
396 788 545 863 Cornuti
561 786 639 885 post
657 784 803 859 autoris
822 801 968 857 mortem
985 781 1074 855 abo·

96 900 190 990 litis,
209 915 330 997 utpote
352 898 502 997 indignis
525 899 624 989 luce,
647 895 740 969 solus
759 894 802 967 ad
822 920 888 968 nos
910 892 1074 992 pervenit

98 1014 178 1083 liber
189 1011 255 1105 fex
276 1014 457 1081 Satirarum
479 1020 495 1055 ²
519 1006 640 1080 dolius
665 1008 704 1081 δι
732 1023 888 1103 argutus,
913 1002 1074 1077 sedeunt
1191 1060 1196 1069 ,

97 1117 226 1193 acerbis
244 1132 258 1184 3
277 1115 395 1191 salibus
414 1115 554 1215 plenus,
566 1134 641 1189 tum
662 1115 718 1188 ita,
728 1113 895 1189 obscurus
905 1167 919 1206 ‚
932 1131 972 1188 ut
988 1136 1072 1213 pro·

36 1273 39 1277 -
97 1243 215 1329 pterea
227 1226 395 1329 aliquibus
410 1225 619 1325 abjiciendus
633 1225 701 1300 erte
717 1216 902 1303 videretur.

401 1476 770 1551 CODICES.

157 1684 326 1763 Codicem
348 1682 450 1759 Perlii
471 1682 634 1782 scriptum
657 1679 920 1783 antiquissimum
945 1680 983 1755 in
1009 1681 1068 1757 Bi-

93 1796 269 1872 bliotheca
296 1796 557 1895 praedicatorum
584 1792 907 1867 Vindobonenfium
930 1818 1067 1867 memo·

12 1930 13 1935 ’
92 1925 170 1999 rat,
185 1932 229 1981 ex
249 1930 362 2005 eoque
382 1902 519 2007 versum
541 1902 639 1979 affert
659 1900 834 1977 Vadianus
854 1900 891 1975 in
913 1899 1065 2001 Epistola
1100 1937 1110 1957 ν
1170 1891 1183 1920 ‘

138 2124 334 2187 acornutum
357 2124 440 2189 suurn
459 2124 557 2190 multis
600 2127 656 2191 lius
671 2148 689 2191 ι
704 2125 844 2204 Juvenale
861 2127 957 2190 dietus
972 2126 1065 2189 estar-
1142 2187 1144 2202 ,

92 2202 196 2267 laudat
212 2207 318 2269 Perfius
340 2209 432 2271 Satira
445 2209 483 2283 V,
493 2230 556 2287 quae
600 2213 686 2287 dens,
698 2209 829 2271 Catullus
839 2212 927 2269 doum
938 2207 975 2269 ab
985 2210 1064 2271 Ovi·

93 2286 220 2349 ridicule
234 2287 398 2353 inscribitur
417 2290 506 2353 etiam
525 2291 557 2351 in
602 2290 671 2366 diu,
687 2291 861 2361 Horatius}¹
875 2288 968 2351 Persio
985 2288 1063 2371 vafer

92 2366 558 2446 Schrevelianaeditione,adMa·
602 2371 730 2447 dicitur,
745 2371 896 2434 Lucretius
911 2390 928 2431 a
943 2369 1063 2433 Lucano

90 2451 197 2532 gistrum
234 2452 362 2533 Equitum
393 2454 555 2529 comarum,
600 2452 730 2537 difficilis.
758 2451 866 2514 Confer
881 2451 960 2514 Baelii
981 2452 1064 2515 Lexi-

83 2538 86 2543 '
91 2546 148 2608 pro
165 2550 219 2606 eo,
238 2532 318 2610 quod
338 2531 396 2612 legi
410 2532 559 2611 debebat,¹
601 2552 658 2595 con
682 2535 717 2597 in
734 2533 846 2610 Persio,
868 2535 919 2611 qui
944 2548 1064 2613 propter

92 2614 133 2671 ad
150 2613 309 2756 Magiam
333 2618 465 2678 Annaeum
494 2617 556 2677 Cor·
599 2614 772 2695 fingularem
788 2616 949 2677 carminum
960 2616 1063 2679 obscu-

94 2710 196 2755 nurum.
254 2711 271 2754 e
290 2692 419 2759 Cornuto
443 2697 470 2757 δι
492 2698 556 2772 ejus
599 2696 716 2758 ritatem
734 2717 798 2758 non
817 2697 931 2760 dubitat
948 2697 1065 2760 Latino.

91 2771 205 2849 scriptis
227 2774 288 2837 uixi
305 2774 362 2839 lib.
388 2776 451 2841 Ill
479 2775 556 2840 Bibl.
599 2796 665 2839 rum
685 2777 912 2859 Lycophronem
934 2780 1064 2859 appella.

95 2854 203 2917 Graecae
234 2873 299 2935 cap.
327 2876 360 2941 15
401 2876 469 2939 pag.
497 2857 555 2943 398
599 2876 640 2920 re.
658 2860 763 2937 Neque
776 2858 907 2937 ignotum
918 2860 968 2933 est,
981 2863 1063 2939 quod

86 2933 132 3015 lq.
599 2938 703 3017 paffim
725 2950 857 3002 narratur
883 2940 920 3000 de
944 2940 973 3003 S.
992 2943 1062 3007 Hie·

45 3045 46 3049 ¹
133 3016 555 3116 3P.Ptthoeustestatu12tn
599 3038 745 3115 runymo,
774 3018 831 3113 qui·
855 3040 916 3083 non
946 3024 1065 3102 capient

89 3098 426 3259 tttttlllssttlt
436 3120 555 3259 {limi}
598 3100 1066 3258 tlttrtbtfat‘zl‘btttt
1131 3198 1144 3244 .-

92 3258 222 3324 tulisse:
253 3262 440 3323 Thebaidorum
470 3264 555 3345 Persii
590 3265 620 3343 fi
632 3286 687 3325 nort
703 3265 748 3323 uis
763 3264 993 3346 malignum,
1008 3291 1064 3329 non

91 3341 208 3415 Satira,
224 3343 253 3403 ἃ
269 3343 300 3403 in
317 3354 471 3407 extremo:
492 3346 555 3405 Ex·
598 3344 745 3427 dabrslegr‘.
764 3344 865 3407 Minus
878 3347 1064 3422 praeclarede

86 3422 186 3502 plicuit
201 3422 283 3503 l’erfii
299 3424 487 3487 rretairomm
501 3429 556 3487 Sa·
590 3424 696 3488 Persio
719 3424 807 3487 sentit
830 3427 966 3489 Vavatlar
987 3429 1065 3493 libro'

90 3502 146 3561 rita
156 3501 309 3585 felicium
600 3508 637 3567 de
664 3504 780 3571 ludicra
801 3506 929 3571 dictione
949 3530 980 3591 p.
1004 3530 1064 3598 239

136 3582 259 3663 3Hinc
278 3584 366 3647 Severi
382 3584 554 3665 appellatio-
599 3586 644 3668 sq..
977 3597 981 3608 '

91 3681 174 3747 near·
185 3664 293 3731 Persius
314 3665 400 3746 tulit¹
417 3679 452 3733 ut
470 3668 590 3735 Luti-N

737 3787 808 3861 aa
