2634 4592
267 337 368 404 tvm

139 589 142 596 ·
238 517 748 726 ‘snooussss
789 521 1243 736 SATIRARUMss
1307 626 1315 638 -

575 1126 936 1266 irotooos

268 1364 389 1432 Poetae,
400 1359 463 1442 stila
481 1357 555 1440 firme
572 1375 650 1438 atque
665 1355 732 1416 lucri
747 1355 836 1436 studio
855 1357 894 1416 ad
906 1354 1024 1416 camina
1037 1359 1184 1449 qpngenda
1201 1356 1244 1417 in.

267 1495 271 1508 .
309 1446 424 1516 citatos,
443 1441 662 1502 &commercium
684 1459 742 1497 tum
757 1437 849 1516 Musts
867 1432 974 1510 tamin,
989 1437 1075 1518 neseio
1096 1442 1181 1518 quod,
1194 1439 1242 1519 ja.

285 1525 448 1601 xditantes,
472 1521 555 1600 lepide
582 1519 687 1591 irridet,
704 1519 858 1599 iflorumque
882 1519 1017 1578 hominum
1044 1521 1161 1600 exemplo
1184 1521 1242 1600 sest

309 1606 407 1744 etiqqq‚
415 1602 616 1684 semipaganum
625 1601 745 1684 scilieet,
763 1597 851 1680 affirre
870 1621 971 1661 cumen
983 1601 1118 1681 quoddam
1133 1598 1243 1682 ioiurffa

302 1687 352 1766 fim
383 1701 423 1744 at.
522 1693 529 1704 '
1031 1687 1037 1693 '

589 1826 909 1949 sortitu

179 1943 186 1980 t
548 1976 550 1982 ,
1015 1919 1035 1971 ’.
1077 1963 1081 1970 .

270 2008 403 2091 Fufium,
425 2009 535 2072 Satiros
552 2008 613 2092 jorn
627 2009 739 2092 scribere
759 2005 921 2089 oggnfflm,
946 2002 1048 2066 amicus
1074 2006 1208 2068 dimovere
1223 2027 1246 2069 a

305 2095 437 2174 propofito
453 2110 578 2164 conatur,·
589 2091 636 2150 iile
653 2111 715 2150 uero
725 2093 819 2158 Sotira
829 2089 935 2147 omnino
945 2090 1029 2167 digno
1046 2087 1093 2167 ff
1108 2091 1243 2168 monstrat,

311 2195 369 2255 qun
383 2177 411 2232 in
431 2174 503 2234 Urbe
517 2195 535 2231 a
550 2193 629 2253 quam
654 2171 778 2254 plurimis
799 2186 922 2250 agantur.
945 2168 1110 2248 haquino
1126 2171 1242 2251 primum
1273 2199 1278 2208 ·

311 2256 396 2334 carpit
413 2276 520 2329 omnes,
540 2256 585 2334 qui
607 2253 751 2332 ¹Mufirrum
764 2252 853 2334 sacris
872 2249 942 2309 male
966 2253 1128 2324 abutuntur,·
1147 2251 1243 2310 deinde

232 2385 235 2406 ,
312 2343 373 2394 uero
392 2355 490 2410 vanarn
508 2337 720 2416 ostentationem,
738 2351 816 2413 arque
838 2332 992 2411 imperitiam
1009 2331 1181 2411 stridentium
1189 2363 1203 2405 ,·
1213 2332 1244 2390 in

311 2417 406 2494 quihus
424 2419 498 2477 Nero
507 2415 589 2493 fimul
606 2417 641 2494 est
658 2415 865 2492 intelligendus,
883 2412 998 2492 obstricta
1018 2413 1079 2471 item
1097 2413 1197 2486 verba,
1214 2411 1244 2470 G·

311 2493 438 2574 infraiios
455 2495 586 2553 orationis
602 2515 724 2554 numeros
730 2528 743 2564 ,·
751 2496 804 2572 sed
814 2514 871 2551 curn
881 2494 996 2551 maxime
1010 2493 1168 2552 Sotadicam
1179 2515 1245 2572 poe-

302 2577 366 2652 fin,
380 2573 458 2631 iibere
473 2575 639 2653 perstringit,
656 2575 685 2633 de
699 2590 815 2630 monente
833 2572 924 2629 iterum
944 2574 1049 2644 arnico,
1066 2592 1168 2652 quanto
1184 2595 1246 2632 curn

307 2653 424 2732 periculo
442 2655 495 2711 hac
513 2654 583 2710 talia
602 2654 745 2724 dicantur,
770 2654 808 2709 ad
822 2668 981 2730 extremm,
998 2653 1095 2730 quihus
1111 2655 1168 2736 ipse
1177 2656 1249 2738 scri·

304 2735 371 2811 dm,
387 2735 443 2795 &a
457 2735 556 2816 quibus⁴
564 2734 619 2816 sua
634 2733 687 2816 legi
703 2733 769 2792 uelit
786 2731 921 2804 camina,
938 2731 1064 2792 declarat.

584 2881 937 2999 supinari

275 3073 394 3132 Plotium
418 3073 592 3145 Macrinum,
601 3071 767 3152 familiarem
785 3060 881 3154 ¹suurn,
896 3069 1017 3145 laudan·
1029 3072 1102 3151 quod
1124 3071 1153 3130 in
1173 3074 1249 3132 votis

314 3155 500 3233 nuncupandis
521 3154 671 3234 sapientius
689 3155 720 3232 se
741 3171 833 3234 gerat,
857 3174 935 3231 quam
951 3151 1068 3232 plerique
1089 3154 1249 3232 sueverint,

313 3249 401 3311 rtrpore
414 3234 460 3312 qui
494 3235 571 3291 artim
590 3254 631 3290 res
646 3235 751 3292 omnino
768 3234 865 3314 impias
879 3255 898 3292 a
909 3234 997 3302 Diis,
1008 3235 1109 3311 partim
1122 3234 1247 3313 verofii-

310 3312 410 3386 volas,
432 3315 459 3391 ip
469 3314 640 3392 isque'etiam
661 3314 814 3395 petentibus
838 3333 893 3372 non
916 3312 1090 3393 profirturas,
1119 3312 1249 3398 rogita'rtt.

310 3393 400 3470 Atque
417 3411 445 3451 ut
462 3395 511 3452 iios
526 3393 646 3472 grauiter
668 3397 695 3454 a
717 3397 807 3453 merito
826 3394 952 3475 castigat:
965 3395 1006 3457 ira
1024 3412 1068 3454 eos
1084 3415 1188 3474 quoque
1204 3418 1246 3456 re·

308 3473 464 3550 prehendit,
480 3471 565 3553 quise
586 3474 702 3544 auro&
728 3475 877 3534 muneribus
905 3475 1050 3555 propitiare
1077 3477 1156 3534 Deos
1173 3477 1248 3556 poffie

208 3613 211 3620 ,
310 3553 471 3628 opinantur,·
490 3575 547 3612 curn
565 3554 593 3612 Ιιὶ
609 3572 697 3615 tamen
716 3558 899 3635 castanaeque
911 3577 1004 3637 puram
1016 3574 1124 3614 mentem
1139 3559 1249 3636 potius,
1312 3604 1313 3607 ,

312 3652 390 3709 quam
416 3635 622 3716 magnitudinem
644 3637 793 3719 impense,
814 3637 844 3697 in
870 3654 980 3711 oronte,
1004 3655 1051 3696 aut
1065 3637 1250 3717 'sacrificante

304 3713 428 3792 spetiem.
