2634 4592
279 339 360 460 78²·
475 359 527 434 o.
552 363 676 438 rou.
701 347 1060 432 Joxxnxnxs'

279 527 383 608 Dicet,
397 522 458 621 quis
472 523 583 594 viduam
597 549 790 622 ptaegnantem
803 512 922 605 lecerit,
939 522 969 594 bt
983 512 1044 618 quo
1180 538 1263 618 ’4ος

244 721 246 728 ¹
278 639 398 710 Mense:
410 635 510 734 quibus
523 633 615 705 verbis
629 634 800 704 concumbat
814 658 954 729 quaeque,
966 628 1064 704 modis*
1072 652 1155 729 quot.

247 737 249 746 ’
278 747 424 821 lnlamem
439 747 500 844 tegi
516 745 670 834 Armenio,
685 744 844 842 Parthoque
856 768 990 816 cometen

278 855 368 928 Prima
382 854 473 928 videt:
489 853 607 936 lamam,
621 851 807 950 rumoresque
822 852 869 922 illa
882 848 1021 922 tecentet'

278 963 391 1062 Excipit
404 966 548 1063 adportas
561 991 570 1035 a
586 965 721 1059 quosdam
733 961 799 1033 lacit
810 960 859 1031 ille
870 959 1022 1058 Niphaten

275 1079 309 1148 ln
322 1076 465 1173 populos,
478 1101 641 1174 magnoque
654 1075 715 1145 illic
729 1073 827 1144 cunlla
840 1100 906 1144 arva
918 1069 1009 1144 teneti
1067 1099 1070 1104 ·
1178 1091 1267 1156 '4¹0

276 1189 414 1260 Diluvio:
430 1211 527 1258 nutare
543 1187 626 1258 nrbes
638 1239 648 1268 ,
660 1183 800 1258 subsidere
812 1208 922 1265 terras,

275 1303 464 1398 Quocunque
477 1300 503 1370 in
516 1297 621 1379 triuio,
635 1297 795 1396 cuicunque
809 1298 848 1369 est
863 1295 966 1380 obvia,
981 1313 1082 1368 narrat·

325 1413 389 1481 Nec
404 1433 496 1482 tamen
511 1409 539 1480 id
552 1409 753 1508 vitium‘magir
766 1409 969 1490 intolerabile,
981 1435 1065 1507 quam
1077 1434 1142 1508 quae

276 1519 529 1596 Vicinos'bumiles
541 1549 653 1618 rapere,
666 1520 697 1592 bc
710 1519 864 1601 concidere
877 1519 946 1591 loris

276 1629 398 1700 Exorata
409 1627 490 1699 solet.
508 1655 569 1697 narn
584 1625 603 1697 lx
617 1625 758 1699 latratibus
769 1627 819 1699 alti

242 1749 244 1754 ’
276 1742 452 1836 Rumpuntut
465 1736 575 1821 somni,
592 1739 674 1810 folles
688 1737 742 1809 huc
755 1730 852 1822 ocius,
866 1738 982 1837 inquit,

206 1945 208 1950 ι
275 1850 406 1933 Allette,
419 1875 503 1947 atque
517 1849 572 1922 illis
585 1849 730 1922 dominum
745 1849 825 1944 jubet
837 1876 903 1924 ante
916 1851 1014 1937 leciri,

209 1994 214 2007 ¹
245 1991 249 2004 ’
275 1960 389 2033 Deinde
401 1989 517 2033 canem:
533 1960 623 2061 gravis
637 1962 754 2034 occursu
764 2015 774 2043 ,
786 1961 927 2034 teterrima
939 1963 1019 2035 vultu

277 2068 379 2141 Balnea
393 2069 476 2151 nolle
489 2069 575 2142 subit:
589 2069 735 2150 conchas,
751 2067 782 2139 bc
796 2068 880 2140 castra
893 2069 1005 2143 moveri

275 2181 372 2252 Nolle
386 2181 482 2274 jubet:
498 2207 603 2279 magno
617 2181 721 2280 gaudet
735 2179 832 2252 sudate
845 2181 984 2264 tumultu,

197 2365 200 2376 ἢ
276 2291 352 2358 Cum
364 2288 456 2360 lallata
468 2286 544 2386 gravi
557 2287 721 2358 ceciderunt
734 2287 846 2358 brachia
859 2287 957 2374 malla,

174 2417 176 2425 “
190 2390 203 2488 ,’
276 2395 404 2466 Callidus
418 2394 448 2465 ἃ
461 2394 548 2466 crista
561 2394 667 2492 digitos
681 2396 813 2493 imprelllt
826 2395 945 2493 aliptes,

194 2559 196 2566 .
276 2511 320 2574 Ac
333 2504 465 2573 summum
478 2502 601 2573 dominae
613 2503 704 2573 lemur
716 2504 874 2576 exclamare
888 2503 997 2604 coegit:

277 2609 418 2686 Conuiuae
429 2610 521 2682 mileti
538 2610 645 2682 interea
658 2607 819 2710 somnoque
832 2615 962 2711 fameque

276 2724 429 2820 Urgentut.
444 2720 554 2792 tandem
570 2719 620 2792 illa
633 2721 714 2793 venit
727 2723 931 2820 rubicundula,
944 2748 1037 2798 totum

278 2833 478 2932 OEnophotum
494 2831 611 2916 sitiens,
624 2833 709 2932 plena
722 2836 799 2932 quod
813 2835 938 2908 tenditur
950 2864 1019 2910 urna

202 3016 207 3025 ,
276 2947 432 3019 Admotum
447 2946 584 3045 pedibus,
597 2947 635 3018 de
650 2975 709 3044 quo
724 2945 855 3018 sextarius
870 2947 940 3018 alter

275 3055 396 3127 Ducitur
408 3081 470 3127 ante
484 3055 575 3127 cibum
588 3109 598 3138 ,
613 3057 735 3128 tabidam
750 3058 869 3128 salsurus
882 3054 1005 3139 orexim,

276 3169 353 3236 Dum
368 3165 460 3248 redit,
473 3165 503 3238 dc
514 3167 578 3239 loto
591 3189 693 3238 tertam
705 3166 770 3239 lenit
785 3167 929 3238 intestino.

276 3273 469 3346 Marmotibus
484 3273 536 3345 tivi
549 3299 724 3374 properant,
738 3300 830 3347 aurata
845 3275 991 3375 Falernum

277 3378 372 3451 Pelvis
386 3379 463 3450 olet:
478 3407 540 3450 nam
555 3379 608 3461 lic,
622 3405 753 3478 tanquam
768 3383 823 3453 alta
835 3382 864 3453 in
878 3383 956 3454 dolia
969 3386 1075 3484 longut
1169 3395 1174 3404 ⁴

278 3486 424 3559 Deciderit
436 3486 568 3585 serpens,
582 3488 673 3569 bibit,
686 3490 717 3561 dc
730 3482 828 3562 vomit.
851 3519 923 3590 ergo
936 3493 1050 3565 maritut
1078 3520 1083 3528 ·

278 3595 401 3668 Nauseat
411 3652 421 3680 ,
432 3621 516 3694 atque
532 3597 623 3670 oculis
635 3597 723 3669 bilem
734 3599 891 3696 substringit
905 3600 1022 3697 opertis.

327 3709 378 3782 llla
387 3733 481 3783 tamen
495 3711 627 3810 grauior,
641 3738 706 3810 quae
719 3739 784 3785 cum
796 3712 972 3786 discumbere
985 3709 1094 3812 coepit,
