2634 4592
230 460 240 497 s

320 332 364 407 ιε
465 294 468 301 ’
536 316 736 446 Auni
785 305 1078 403 nausii·
1152 283 1182 361 <⁵

315 501 453 593 Semper,
468 490 499 564 dt
512 492 616 564 assiduo
629 515 721 563 curata
738 490 858 563 cuticula
871 487 943 563 sole.

289 696 291 701 Ι
315 604 469 702 Exspessa:
484 602 557 673 haud
568 603 644 673 aliud
656 602 825 699 respoudeat
838 596 899 670 lraec
910 626 984 671 anus.
1005 606 1018 670 1
1035 619 1116 671 nuuc.¹

314 710 506 785 Dinomaches
520 737 578 808 ego
591 710 668 793 suro,
681 710 777 791 suffla,
792 708 851 779 suro
863 708 1007 780 candidus.
1019 708 1101 780 Esto:
1123 739 1126 766 r
1242 735 1288 794 ao

244 820 248 836 “
314 825 390 896 Duru
404 852 439 895 ne
451 824 573 895 deterius
586 822 673 921 sapiat
685 849 830 920 pannucea
847 819 961 906 Baucis,

314 940 388 1003 Cum
402 933 475 1005 bene
486 930 623 1003 discitur
637 931 790 1003 cantaue'rit
800 958 902 1028 ocyma
912 958 1018 1007 vernae.

141 1051 144 1059 '
204 1073 209 1085 ·
314 1046 355 1115 Ut
367 1070 450 1115 nemo
465 1041 493 1112 in
507 1042 565 1113 sese
577 1063 666 1113 tentat
680 1041 874 1122 descendere,
887 1067 1012 1119 tremor.

313 1155 371 1225 Sed
386 1146 556 1251 praecedenii
570 1152 707 1248 spedatur
720 1153 841 1224 mantica
852 1130 947 1249 reigo.
1017 1238 1021 1243 ,

290 1312 294 1319 1
362 1260 1043 1359 Quaefieris‚Nostin'Ved}idspraedia3cujus?
1121 1328 1124 1333 .
1192 1342 1197 1349 ¹
1243 1280 1285 1359 ις

311 1377 400 1450 Dives
413 1401 469 1447 atat
487 1374 608 1446 Curibus
623 1397 760 1473 quantum
778 1400 837 1446 nou
852 1374 953 1447 miluus
965 1375 1098 1448 obertcta

233 1576 235 1585 Ι
311 1491 397 1559 Hunc
413 1486 474 1557 ais?
489 1485 563 1556 hunc
576 1538 586 1566 ,
601 1484 664 1555 Diis
676 1484 772 1567 iratis,
785 1483 933 1584 genioque
944 1484 1071 1570 sinistro,

196 3616 198 3622 ·
304 3571 334 3642 Si
346 3594 440 3669 potes.
453 3572 605 3673 Egregium
618 3602 682 3655 curn
694 3602 739 3647 nte
751 3576 855 3650 uicinia
866 3578 961 3663 dicat,

195 3708 199 3717 ·
304 3683 375 3753 Non
389 3682 520 3756 credam?
534 3683 601 3785 Viso
614 3683 635 3759 st
649 3685 739 3807 palles¹
754 3687 886 3788 improbe
900 3716 1038 3777 nunno,

311 1595 371 1687 Qui
387 1594 558 1691 quandoque
571 1594 669 1691 'pugunn
681 1593 793 1690 pertusa
804 1595 839 1665 ad
853 1593 978 1691 compita
990 1591 1072 1692 figit,

284 1766 287 1771 .
310 1704 431 1777 Seriolae
446 1730 572 1777 veterent
586 1728 715 1799 metuens
727 1704 863 1777 deradere
875 1703 995 1787 simum,

308 1813 451 1912 Ingemit,
463 1817 527 1885 Hoc
541 1814 613 1885 bene
629 1813 679 1885 stt:
695 1812 850 1885 tunicatum
862 1840 927 1922 curn
939 1809 996 1885 sale
1007 1811 1141 1886 mordens
1241 1836 1282 1905 30

309 1928 415 2022 Caepe:
430 1923 572 1997 &farrata
585 1922 679 2023 pueris
691 1922 981 2023 plaudentibusodla,

216 2038 220 2061 ²
244 2033 251 2047 ’
309 2039 460 2111 Pannosam
474 2039 574 2111 sreceut
585 2036 733 2111 morientis
746 2036 946 2110 sorberaceti?

359 2153 397 2219 At
410 2146 429 2217 si
442 2147 540 2219 unum
551 2146 659 2230 cesses,
674 2146 705 2219 dt
718 2146 789 2244 sugas
801 2145 831 2218 in
845 2170 909 2219 cute
923 2146 1036 2231 sosemg

307 2261 354 2333 Est
368 2286 461 2359 prope
475 2283 505 2333 te
515 2260 647 2359 ignotus,
660 2258 757 2332 cubito
772 2258 821 2357 qui
833 2282 948 2358 tangat,
962 2257 993 2333 dt
1005 2284 1071 2333 acte

307 2480 478 2548 Runcantem
488 2532 498 2561 ‚
510 2478 623 2577 populo
638 2502 793 2551 marcentes
802 2481 929 2576 pandere
941 2478 1049 2551 vulvae

305 2590 352 2657 Tu
364 2612 428 2660 cunr
440 2586 559 2659 maritus
571 2588 730 2661 balanatum
746 2591 868 2688 gausape
881 2590 996 2687 pedae,

233 2712 236 2721 '
305 2695 470 2795 Inguinibus
484 2724 570 2795 quare
583 2692 719 2772 detonsus
733 2702 867 2800 gurgulio
879 2701 986 2772 exstat?

178 2816 179 2821 ’
304 2806 445 2906 Quinque
456 2805 612 2907 palastritae
624 2806 694 2880 sicet
710 2809 770 2883 haec
783 2810 918 2909 plantaria
932 2810 1059 2898 vellaut3

305 2918 456 3016 Elirasque
469 2943 547 2991 nates
559 2917 728 2992 labcsasdent
740 2919 852 3019 forcipe
866 2922 993 3003 adunca,
1229 2942 1271 3005 '40

304 3030 375 3099 Non
390 3054 482 3100 tamen
494 3028 542 3100 ista
554 3029 614 3101 filix
628 3031 691 3101 ullo
703 3032 872 3103 mansuescit
884 3055 986 3103 aratro.
1032 3062 1035 3067 ·

355 3136 517 3220 Caedimus,
530 3138 618 3235 inque
630 3139 724 3210 vicem
741 3141 898 3237 praebenuus
912 3169 991 3213 crura
1006 3138 1122 3241 sagittis.

302 3242 417 3315 Vivitur
427 3244 484 3316 hoc
497 3244 598 3343 pado:
613 3238 650 3319 stc
663 3246 805 3336 nouimus.
827 3248 875 3320 ssia
888 3249 981 3321 subter
1074 3304 1081 3317 .
1128 3240 1134 3249 ’

117 3433 119 3442 Ι
157 3381 167 3398 1¹
303 3356 419 3424 Caecum
432 3353 532 3425 vulnus
546 3353 645 3427 habes:
661 3355 708 3427 scd
721 3355 780 3427 lato
793 3356 901 3427 balteus
911 3385 982 3432 auro

187 2360 190 2366 ’
308 2371 433 2467 Despuat
444 2370 473 2441 in
488 2396 773 2468 moresrpenenrque
784 2395 941 2467 arcanaque
952 2367 1041 2440 lumbi
1142 2415 1146 2421 ,
1237 2391 1276 2461 εςλ

303 3447 452 3561 Praetdgit:
465 3486 497 3534 ut
510 3464 615 3549 mavis,
628 3465 665 3535 da'
678 3449 785 3548 verba,
797 3465 943 3567 &decipe
956 3496 1082 3556 nervos,
1225 3496 1264 3573 145

1129 3661 1138 3681 r
1279 3627 1282 3708 i
