2634 4592
166 342 173 363 ι
298 318 608 393 SATIRA
656 330 754 403 XV.

44 474 88 543 Et
103 497 172 545 cnm
187 472 339 595 remigibus
352 476 495 573 grunnille
510 478 654 577 Elpenora
667 486 772 583 poscis.
825 548 828 553 .

44 580 130 653 Tam
145 582 230 653 vacui
245 580 342 681 capitis
356 586 498 682 populum
510 587 623 663 Pltaetca
635 594 762 689 putavit?

43 696 97 769 Sic
110 694 219 791 aliquis
231 692 334 765 merito
346 694 473 767 nondum
491 694 598 781 ebrius,
609 696 859 777 &minimum
811 734 860 805 qut
922 730 926 743 ·

39 813 95 879 De
112 811 274 928 Coscpsaea
284 828 420 875 temetum
431 805 548 877 duxerat
561 833 649 879 uenae
981 851 1025 920 ,5

43 916 142 987 Solus
155 915 234 997 enim
246 914 302 990 hoc
314 914 423 985 ltltacus
434 914 517 985 nullo
529 914 579 987 lub
593 917 664 990 telle
679 919 807 995 canebat.
1026 918 1028 925 ¹

44 1028 117 1095 Nos
132 1023 260 1098 mirando
272 1021 387 1119 quidem
397 1074 410 1118 ².
420 1022 469 1094 led
483 1050 574 1121 nuper
587 1027 716 1099 Consule
730 1030 813 1105 lunio
845 1078 851 1082 -
905 1078 907 1083 ,
1007 1072 1016 1093 a

44 1136 162 1219 Gelb,
176 1133 260 1232 lupen
272 1133 371 1205 calidae
384 1134 537 1205 referemus
551 1136 655 1209 moenio
671 1140 777 1235 Coptie

45 1246 116 1317 Nos
130 1244 215 1343 vulgi
229 1245 337 1327 scelus,
351 1242 382 1317 bt
395 1245 502 1316 cunffis
515 1245 646 1343 gratioso
659 1246 815 1324 cothurnis.

41 1362 126 1428 Nam
138 1357 252 1436 scelus,
265 1384 281 1427 a
294 1355 398 1453 Pyrrho
411 1371 571 1452 quanquam
584 1358 681 1431 omnia
693 1359 809 1457 syrmata
824 1364 937 1453 volvas,
982 1396 1028 1463 ιο
1095 1349 1097 1359 ¹

45 1468 157 1538 Nullus
171 1466 248 1565 apud
259 1466 381 1564 tragicos
395 1467 520 1565 populus
533 1466 608 1541 tacit
620 1470 730 1569 accipe,
741 1475 837 1550 nolito

47 1577 119 1648 Dira
134 1577 216 1673 quod
232 1576 393 1673 exemplum
407 1574 501 1649 lenitas
515 1578 684 1675 produxerit
696 1609 773 1656 sevo.

90 1693 172 1758 Inter
186 1684 322 1757 finitimos
333 1703 412 1757 vetus
424 1709 509 1783 atque
519 1688 633 1785 antiquit
644 1689 786 1778 bmnium,

47 1796 217 1879 immortale
229 1793 324 1867 odmm
334 1795 543 1892 &nunquam
555 1798 677 1873 sonabile
692 1803 795 1881 vulnus
913 1862 918 1871 .
1026 1798 1029 1805 ’

30 1946 31 1950 =
47 1909 140 1979 Ardet
153 1906 246 1978 adhuc
257 1904 413 1979 Ombos&
429 1910 565 2003 Tentyra.
577 1909 698 1983 summus
711 1912 856 2015 utrinque
944 1942 1021 2012 ις

49 2014 122 2083 lnde
135 2013 218 2085 lusor
232 2013 341 2110 vulgo,
355 2013 434 2109 qnod
450 2014 563 2088 numina
575 2014 735 2089 vicinorum

52 2121 123 2193 Odit
135 2144 257 2217 uterque
271 2120 370 2205 locus,
383 2150 447 2193 cum
461 2121 540 2193 lolos
551 2125 646 2195 credat
659 2123 808 2197 habendos

50 2234 227 2314 Effe-Deos,
243 2258 317 2330 quos
332 2230 393 2330 ipse
407 2230 485 2303 colis.
499 2231 548 2303 led
561 2254 693 2328 tempore
706 2229 779 2305 lello

34 2341 178 2412 'Alterius
190 2339 290 2438 populi
305 2340 438 2437 sapienda
445 2336 564 2411 occano
579 2338 686 2411 cuiuis

49 2452 118 2524 visa
128 2452 310 2525 inimicorum
322 2448 494 2548 primoribus
504 2478 537 2521 ac
550 2450 683 2532 ducibus,
699 2478 735 2527 ne
976 2482 1022 2542 4ο

52 2560 159 2634 Laetum
173 2560 347 2658 hilaremque
360 2560 454 2645 diem,
469 2587 505 2634 ne
518 2586 628 2659 magne
642 2561 742 2659 gaudia
757 2588 850 2635 coenae

54 2675 212 2752 Sentisem,
227 2670 323 2771 pobtis
336 2674 370 2743 ad
383 2672 488 2769 templa
502 2670 532 2745 bn
545 2672 673 2769 compito
687 2672 806 2759 mensus,

52 2782 242 2881 Pervigiliqne
255 2804 342 2862 toto,
357 2808 442 2877 quem
455 2781 581 2853 molleto
594 2782 658 2854 luce
672 2778 814 2874 jacentem
852 2801 854 2805 '

52 2892 192 2990 Septimus
206 2891 346 2963 interdum
359 2891 402 2963 lol
416 2889 531 2961 invenit.
545 2889 659 2961 horrida
673 2888 737 2961 sane

52 3014 209 3106 AEgyptus:
225 3006 272 3076 led
284 3002 395 3085 luxuria
398 2996 551 3098 ,quantum
565 3000 627 3097 ipse
636 3001 752 3087 notavi
972 3000 1032 3101 ⁴5⁶

50 3119 164 3191 Barbara
178 3114 285 3200 lamoso
299 3142 359 3187 non
371 3113 448 3185 cedit
460 3114 538 3185 tusbt
551 3117 686 3210 Canopo.

53 3228 141 3306 nune
53 3224 375 3339 quodliclactlss
387 3222 505 3296 nnana
515 3222 553 3295 de
566 3221 703 3303 mulinis,
718 3214 749 3297 bt

29 3354 33 3361 ·
52 3336 139 3407 Blaefis
149 3360 257 3433 ‚atque
271 3361 352 3415 meso
365 3332 560 3407 titubantibus.
581 3326 688 3405 inde
662 3354 788 3405 utrorum

54 3441 206 3514 saltatus
180 3469 264 3539 ntgto
278 3438 412 3524 tibicine,
425 3438 673 3536 qualiscunque

53 3552 220 3648 Unguenta,
235 3547 570 3647 &llores‚multaeque
562 3576 591 3621 ιιι
603 3547 699 3621 leonte
708 3576 845 3621 cosona.
893 3578 896 3582 ·
971 3574 1017 3641 50

54 3660 121 3733 llinc
135 3662 262 3760 jejunum
275 3661 383 3734 odium.
406 3659 454 3731 led
466 3658 559 3756 jurgia
571 3658 660 3757 primo
673 3656 771 3733 lonast
