2634 4592
293 393 385 484 'mr
504 375 557 453 'm
582 381 706 452 Just.
733 377 1076 456 JuVuuAsrs

306 541 354 612 'Ac
364 537 469 627 molles
485 560 586 608 ornate
598 538 700 616 locos,
714 538 883 636 glebamque
896 537 1052 614 virentem:
1230 543 1267 635 ’δέ

224 724 227 732 ,
309 650 496 746 lam'lequar,
510 649 540 721 bt
553 648 645 732 lacto,
659 651 738 745 quod
751 652 875 745 praellat,
889 651 941 723 rite
955 653 1093 749 perallo,

309 763 381 833 lnd'e
393 763 508 834 domurn
523 775 670 858 repetam,
684 762 801 859 graciles
815 761 867 833 ubi
875 791 958 860 patra
974 792 1096 838 coronas

308 869 462 967 Accipiunt
475 869 569 968 fragili
584 869 725 944 limulacra
738 870 856 944 nitentia
869 877 941 943 cera.
968 867 971 871 ’

307 979 364 1051 llic
379 981 502 1062 nolltum
515 985 633 1080 placabo
646 987 764 1065 lovem,
776 981 934 1082 laribusque
947 983 1071 1083 paternis

305 1092 385 1160 ⁴'l'ura
396 1091 491 1175 dabo,
504 1117 590 1191 atque
602 1120 702 1166 omues
716 1091 802 1166 violae
814 1095 921 1188 jallabo
935 1099 1061 1171 colores.
1231 1117 1266 1190 9ο

310 1200 421 1272 Cunlla
434 1202 666 1301 nitent3longos
679 1202 771 1275 erexit
784 1205 866 1298 janua
879 1233 995 1293 ramos,
1287 1192 1288 1229 i

310 1315 349 1384 Et
361 1315 502 1386 matutinis
514 1306 643 1413 operitur
655 1313 722 1386 lella
734 1313 867 1386 lucernis
1148 1382 1152 1389 .

311 1427 375 1497 Nec
389 1427 511 1524 lulpella
525 1425 574 1499 tibi
589 1426 639 1498 fior
651 1427 732 1511 haec,
745 1423 901 1498 Continet·
911 1423 1061 1510 Catullus,
1099 1510 1103 1519 1

311 1537 369 1608 Pro
380 1530 462 1632 ¹cujus
477 1535 567 1608 reditu
582 1559 626 1609 tot
640 1561 722 1634 porro
736 1535 852 1618 altaria,
865 1561 968 1634 parvos
1286 1570 1288 1627 p

311 1645 384 1717 Tres
397 1643 482 1716 habet
494 1645 624 1719 heredes.
643 1645 714 1717 libet
724 1647 885 1743 exspellare
896 1700 906 1725 ,
919 1645 981 1743 quis
994 1671 1097 1744 aegram
1230 1673 1264 1743 95
1287 1632 1288 1699 l

312 1757 349 1824 Et
364 1755 541 1840 claudentem
555 1753 962 1852 oculos'gallinam'impeudat
975 1754 1068 1826 arnico
1132 1821 1135 1824 ,
1285 1704 1288 1813 l

311 1865 382 1934 Tam
398 1861 490 1936 sterili.
513 1887 609 1939 verum
623 1865 683 1935 baec
696 1863 779 1937 nimia
793 1863 832 1937 est
843 1863 983 1962 impensa:
999 1862 1133 1936 coturnix
1202 1869 1204 1877 '

313 1977 401 2071 Nulla
416 2005 537 2074 uuquam
551 2006 606 2075 pto
620 2000 703 2075 patre
711 1978 801 2049 cadet.
823 1975 927 2046 sentire
940 1973 1067 2049 calorem

312 2087 342 2158 Si
357 2086 445 2184 coepit
460 2087 590 2187 locuples
607 2086 733 2170 Gallita,
746 2084 917 2169 lelandus,
930 2078 1016 2170 orbi,

313 2195 527 2296 Legitimeliris
542 2193 854 2268 vellimrtotatabellis
1214 2216 1265 2266 tot

195 2343 198 2359 ›
312 2309 451 2381 Porticus.
464 2306 664 2405 exlsllunt‚qui
681 2308 847 2404 promittant
858 2307 1065 2381 hecatombene

313 2411 461 2512 Quatenus
475 2416 521 2488 hic
536 2445 595 2488 non
607 2418 688 2499 lunt,
702 2443 754 2489 nec
766 2420 881 2490 venales
893 2417 1058 2516 elephanti,

294 2565 300 2572 ·
315 2528 387 2602 Nec
391 2525 491 2605 Latio,
503 2553 548 2596 aur
560 2525 675 2622 usquam
689 2527 740 2597 sub
756 2527 852 2598 nolito
864 2526 958 2598 lidete
966 2525 1029 2599 talis

182 2707 183 2710 ,
224 2665 226 2671 ‘
314 2627 412 2705 Bellua
427 2658 603 2732 concrprtut
596 2638 666 2707 led
678 2637 754 2709 furva
770 2661 857 2735 gente
872 2661 979 2734 petua

198 3476 200 3482 .
317 3405 455 3480 Nulla
418 3430 504 3504 tgrtur
517 3435 596 3479 mora
612 3434 664 3504 per
678 3410 825 3489 Novium,
837 3435 917 3480 mora
930 3393 1006 3479 nulla
1019 3435 1071 3507 per
1084 3407 1116 3480 l
1119 3431 1172 3506 tam

312 2741 474 2816 Arboribus
485 2741 613 2828 Rutulis,
628 2730 977 2843 &Turnipalcituragto
1210 2751 1265 2827 105

292 2853 294 2860 ¹
316 2857 434 2930 Caesaris
447 2884 623 2938 armentum,
637 2857 708 2929 nulli
722 2857 826 2931 servire
840 2883 965 2956 paratum
1036 2894 1039 2898 ·
1065 2897 1068 2903 ·

242 3033 243 3036 ,
314 2969 445 3040 Privato:
462 2967 598 3066 fiquidem
611 2968 704 3066 Tyrio
718 2994 817 3065 parere
828 2969 958 3039 solebant

315 3079 481 3161 llanoibali,
494 3077 636 3151 &uostris
651 3079 769 3149 ducibus
777 3077 1073 3177 ,regiqueblolollm¹
1187 3137 1194 3146 .

226 3193 228 3200 ⁴
316 3189 427 3256 Horum
440 3187 584 3280 majores,
597 3215 629 3258 ac
643 3188 731 3259 dotlo
744 3187 819 3259 lette
832 3189 988 3271 cobortes

303 3286 659 3392 ‘Partemaliquambellh
672 3295 854 3379 &euntem
848 3295 1113 3417 rnproeliatlttrim.
1209 3309 1260 3359 ¹¹⁰

316 3516 487 3597 Pacuuium
502 3518 571 3615 quin
588 3517 659 3589 illud
674 3520 744 3590 ebur
756 3518 963 3589 ducaturatl
931 3545 1008 3605 aras,

316 3631 352 3698 Et
366 3627 445 3698 cadat
458 3655 522 3699 ante
535 3628 605 3699 lares
618 3624 735 3698 Gallitae
746 3622 857 3696 villima
870 3622 951 3708 sola,

315 3732 508 3834 Tantisdigna
522 3733 591 3808 Deis
602 3729 985 3831 ,btcaptatoribusborum
1093 3799 1099 3810 .

1281 3374 1283 3501 l

1279 3540 1282 3703 t

1278 3730 1281 3907 t

1274 4342 1278 4559 l
