<?xml version="1.0" encoding="UTF-8"?>
<!DOCTYPE html PUBLIC "-//W3C//DTD XHTML 1.0 Transitional//EN"
    "http://www.w3.org/TR/xhtml1/DTD/xhtml1-transitional.dtd">
<html xmlns="http://www.w3.org/1999/xhtml" xml:lang="en" lang="en">
 <head>
  <title>
</title>
<meta http-equiv="Content-Type" content="text/html;charset=utf-8" />
  <meta name='ocr-system' content='tesseract 3.04.00' />
  <meta name='ocr-capabilities' content='ocr_page ocr_carea ocr_par ocr_line ocrx_word'/>
</head>
<body>
  <div class='ocr_page' id='page_1' title='image "apersiiflacciet00fabrgoog_0358.png"; bbox 0 0 2634 4592; ppageno 0'>
   <div class='ocr_carea' id='block_1_1' title="bbox 229 298 1001 453">
    <p class='ocr_par' dir='ltr' id='par_1_1' title="bbox 229 298 1001 453">
     <span class='ocr_line' id='line_1_1' title="bbox 229 298 1001 453; baseline 0.003 -42"><span class='ocrx_word' id='word_1_1' title='bbox 229 298 308 411; x_wconf 72' lang='lat' dir='ltr'>nx</span> <span class='ocrx_word' id='word_1_2' title='bbox 327 340 626 415; x_wconf 68' lang='lat' dir='ltr'>semmuro</span> <span class='ocrx_word' id='word_1_3' title='bbox 640 338 823 453; x_wconf 72' lang='lat' dir='ltr'>nm</span> <span class='ocrx_word' id='word_1_4' title='bbox 933 337 1001 436; x_wconf 52' lang='grc' dir='ltr'>,ες</span> 
     </span>
    </p>
   </div>
   <div class='ocr_carea' id='block_1_2' title="bbox 41 497 1067 2359">
    <p class='ocr_par' dir='ltr' id='par_1_2' title="bbox 87 497 793 582">
     <span class='ocr_line' id='line_1_2' title="bbox 87 497 793 582; baseline 0 -20"><span class='ocrx_word' id='word_1_5' title='bbox 87 512 136 581; x_wconf 79' lang='lat'>54.</span> <span class='ocrx_word' id='word_1_6' title='bbox 159 500 264 571; x_wconf 84' lang='lat' dir='ltr'>Idem:</span> <span class='ocrx_word' id='word_1_7' title='bbox 284 498 416 582; x_wconf 80' lang='lat' dir='ltr'>Differre,</span> <span class='ocrx_word' id='word_1_8' title='bbox 430 500 576 574; x_wconf 86' lang='lat' dir='ltr'>dividere,</span> <span class='ocrx_word' id='word_1_9' title='bbox 592 498 638 559; x_wconf 84' lang='lat' dir='ltr'>vel</span> <span class='ocrx_word' id='word_1_10' title='bbox 654 497 793 562; x_wconf 79' lang='lat' dir='ltr'><strong>scindere.</strong></span> 
     </span>
    </p>

    <p class='ocr_par' dir='ltr' id='par_1_3' title="bbox 85 582 815 661">
     <span class='ocr_line' id='line_1_3' title="bbox 85 582 815 661; baseline -0.005 -16"><span class='ocrx_word' id='word_1_11' title='bbox 85 600 134 661; x_wconf 79' lang='lat'>55.</span> <span class='ocrx_word' id='word_1_12' title='bbox 158 582 258 644; x_wconf 90' lang='lat' dir='ltr'>Idem:</span> <span class='ocrx_word' id='word_1_13' title='bbox 283 584 425 658; x_wconf 82' lang='lat' dir='ltr'>Volurare,</span> <span class='ocrx_word' id='word_1_14' title='bbox 448 582 623 659; x_wconf 83' lang='lat' dir='ltr'>cogitatione</span> <span class='ocrx_word' id='word_1_15' title='bbox 643 582 815 657; x_wconf 71' lang='lat' dir='ltr'>perquirere.</span> 
     </span>
    </p>

    <p class='ocr_par' dir='ltr' id='par_1_4' title="bbox 90 662 774 743">
     <span class='ocr_line' id='line_1_4' title="bbox 90 662 774 743; baseline -0.001 -20"><span class='ocrx_word' id='word_1_16' title='bbox 90 664 136 743; x_wconf 88' lang='lat'>56.</span> <span class='ocrx_word' id='word_1_17' title='bbox 158 664 258 727; x_wconf 87' lang='lat' dir='ltr'>Idem:</span> <span class='ocrx_word' id='word_1_18' title='bbox 279 665 426 737; x_wconf 76' lang='lat' dir='ltr'><em>Excutere,</em></span> <span class='ocrx_word' id='word_1_19' title='bbox 445 662 621 735; x_wconf 84' lang='lat' dir='ltr'>excludere,</span> <span class='ocrx_word' id='word_1_20' title='bbox 640 662 774 736; x_wconf 87' lang='lat' dir='ltr'>dejicere.</span> 
     </span>
    </p>

    <p class='ocr_par' dir='ltr' id='par_1_5' title="bbox 89 740 783 825">
     <span class='ocr_line' id='line_1_5' title="bbox 89 740 783 825; baseline -0.003 -20"><span class='ocrx_word' id='word_1_21' title='bbox 89 764 136 825; x_wconf 85' lang='lat'>57.</span> <span class='ocrx_word' id='word_1_22' title='bbox 157 740 255 807; x_wconf 84' lang='lat' dir='ltr'>Idem:</span> <span class='ocrx_word' id='word_1_23' title='bbox 275 745 400 805; x_wconf 71' lang='lat' dir='ltr'>levae...</span> <span class='ocrx_word' id='word_1_24' title='bbox 411 743 451 804; x_wconf 89' lang='lat' dir='ltr'>est</span> <span class='ocrx_word' id='word_1_25' title='bbox 466 755 634 821; x_wconf 85' lang='lat' dir='ltr'>appetenter</span> <span class='ocrx_word' id='word_1_26' title='bbox 648 742 783 820; x_wconf 79' lang='lat' dir='ltr'>incipere.</span> 
     </span>
    </p>

    <p class='ocr_par' dir='ltr' id='par_1_6' title="bbox 87 824 591 904">
     <span class='ocr_line' id='line_1_6' title="bbox 87 824 591 904; baseline 0 -20"><span class='ocrx_word' id='word_1_27' title='bbox 87 824 136 904; x_wconf 79' lang='lat'>58.</span> <span class='ocrx_word' id='word_1_28' title='bbox 157 825 257 886; x_wconf 87' lang='lat' dir='ltr'>Idem:</span> <span class='ocrx_word' id='word_1_29' title='bbox 278 826 393 900; x_wconf 85' lang='lat' dir='ltr'>Locore,</span> <span class='ocrx_word' id='word_1_30' title='bbox 412 824 591 885; x_wconf 86' lang='lat' dir='ltr'>constituere.</span> 
     </span>
    </p>

    <p class='ocr_par' dir='ltr' id='par_1_7' title="bbox 88 904 1008 986">
     <span class='ocr_line' id='line_1_7' title="bbox 88 904 1008 986; baseline 0.004 -20"><span class='ocrx_word' id='word_1_31' title='bbox 88 904 239 986; x_wconf 60' lang='lat' dir='ltr'>ffidem:</span> <span class='ocrx_word' id='word_1_32' title='bbox 252 910 396 967; x_wconf 79' lang='lat' dir='ltr'>Contentus</span> <span class='ocrx_word' id='word_1_33' title='bbox 405 906 520 978; x_wconf 90' lang='lat' dir='ltr'>dicitur,</span> <span class='ocrx_word' id='word_1_34' title='bbox 529 906 576 965; x_wconf 94' lang='lat' dir='ltr'>cui</span> <span class='ocrx_word' id='word_1_35' title='bbox 587 922 630 963; x_wconf 91' lang='lat' dir='ltr'>res</span> <span class='ocrx_word' id='word_1_36' title='bbox 638 905 726 965; x_wconf 82' lang='lat' dir='ltr'>etiam</span> <span class='ocrx_word' id='word_1_37' title='bbox 735 922 822 981; x_wconf 79' lang='lat' dir='ltr'>parra</span> <span class='ocrx_word' id='word_1_38' title='bbox 830 904 1008 970; x_wconf 76' lang='lat' dir='ltr'>sbundeeil.</span> 
     </span>
    </p>

    <p class='ocr_par' dir='ltr' id='par_1_8' title="bbox 84 986 663 1066">
     <span class='ocr_line' id='line_1_8' title="bbox 84 986 663 1066; baseline -0.003 -19"><span class='ocrx_word' id='word_1_39' title='bbox 84 990 134 1047; x_wconf 91' lang='lat'>60.</span> <span class='ocrx_word' id='word_1_40' title='bbox 155 988 256 1066; x_wconf 83' lang='lat' dir='ltr'>Idem:</span> <span class='ocrx_word' id='word_1_41' title='bbox 279 990 440 1061; x_wconf 84' lang='lat' dir='ltr'>Producere,</span> <span class='ocrx_word' id='word_1_42' title='bbox 453 986 528 1047; x_wconf 86' lang='lat' dir='ltr'>foras</span> <span class='ocrx_word' id='word_1_43' title='bbox 547 986 663 1047; x_wconf 74' lang='lat' dir='ltr'>duceret</span> 
     </span>
    </p>

    <p class='ocr_par' dir='ltr' id='par_1_9' title="bbox 84 1065 679 1130">
     <span class='ocr_line' id='line_1_9' title="bbox 84 1065 679 1130; baseline 0.002 -3"><span class='ocrx_word' id='word_1_44' title='bbox 84 1068 135 1127; x_wconf 91' lang='lat'>61.</span> <span class='ocrx_word' id='word_1_45' title='bbox 156 1067 257 1130; x_wconf 89' lang='lat' dir='ltr'>Idem:</span> <span class='ocrx_word' id='word_1_46' title='bbox 281 1070 391 1128; x_wconf 84' lang='lat' dir='ltr'>Parcere</span> <span class='ocrx_word' id='word_1_47' title='bbox 412 1068 452 1127; x_wconf 90' lang='lat' dir='ltr'>est</span> <span class='ocrx_word' id='word_1_48' title='bbox 468 1068 582 1128; x_wconf 82' lang='lat' dir='ltr'>veniam</span> <span class='ocrx_word' id='word_1_49' title='bbox 602 1065 679 1128; x_wconf 80' lang='lat' dir='ltr'>dare.</span> 
     </span>
    </p>

    <p class='ocr_par' dir='ltr' id='par_1_10' title="bbox 83 1148 628 1223">
     <span class='ocr_line' id='line_1_10' title="bbox 83 1148 628 1223; baseline 0 -15"><span class='ocrx_word' id='word_1_50' title='bbox 83 1148 135 1209; x_wconf 85' lang='lat'>62.</span> <span class='ocrx_word' id='word_1_51' title='bbox 158 1148 258 1211; x_wconf 89' lang='lat' dir='ltr'>Idem:</span> <span class='ocrx_word' id='word_1_52' title='bbox 281 1152 628 1223; x_wconf 82' lang='lat' dir='ltr'>conducere,convertere.</span> 
     </span>
    </p>

    <p class='ocr_par' dir='ltr' id='par_1_11' title="bbox 82 1229 596 1307">
     <span class='ocr_line' id='line_1_11' title="bbox 82 1229 596 1307; baseline 0.006 -18"><span class='ocrx_word' id='word_1_53' title='bbox 82 1229 134 1307; x_wconf 78' lang='lat'>63.</span> <span class='ocrx_word' id='word_1_54' title='bbox 155 1229 258 1293; x_wconf 83' lang='lat' dir='ltr'>Idem:</span> <span class='ocrx_word' id='word_1_55' title='bbox 281 1232 457 1303; x_wconf 78' lang='lat' dir='ltr'>committere,</span> <span class='ocrx_word' id='word_1_56' title='bbox 473 1230 596 1292; x_wconf 86' lang='lat' dir='ltr'>credere.</span> 
     </span>
    </p>

    <p class='ocr_par' dir='ltr' id='par_1_12' title="bbox 82 1311 544 1394">
     <span class='ocr_line' id='line_1_12' title="bbox 82 1311 544 1394; baseline 0 -23"><span class='ocrx_word' id='word_1_57' title='bbox 82 1312 133 1385; x_wconf 89' lang='lat'>64.</span> <span class='ocrx_word' id='word_1_58' title='bbox 156 1312 257 1373; x_wconf 89' lang='lat' dir='ltr'>Idem:</span> <span class='ocrx_word' id='word_1_59' title='bbox 280 1311 420 1394; x_wconf 82' lang='lat' dir='ltr'>Accipere,</span> <span class='ocrx_word' id='word_1_60' title='bbox 434 1312 544 1373; x_wconf 83' lang='lat' dir='ltr'>audire.</span> 
     </span>
    </p>

    <p class='ocr_par' dir='ltr' id='par_1_13' title="bbox 85 1391 597 1471">
     <span class='ocr_line' id='line_1_13' title="bbox 85 1391 597 1471; baseline -0.002 -19"><span class='ocrx_word' id='word_1_61' title='bbox 85 1392 135 1471; x_wconf 83' lang='lat'>65.</span> <span class='ocrx_word' id='word_1_62' title='bbox 156 1391 255 1467; x_wconf 86' lang='lat' dir='ltr'>Idem:</span> <span class='ocrx_word' id='word_1_63' title='bbox 278 1395 378 1466; x_wconf 88' lang='lat' dir='ltr'>Merer,</span> <span class='ocrx_word' id='word_1_64' title='bbox 395 1403 597 1470; x_wconf 86' lang='lat' dir='ltr'>promeretur.</span> 
     </span>
    </p>

    <p class='ocr_par' dir='ltr' id='par_1_14' title="bbox 83 1468 768 1550">
     <span class='ocr_line' id='line_1_14' title="bbox 83 1468 768 1550; baseline 0 -17"><span class='ocrx_word' id='word_1_65' title='bbox 83 1474 134 1533; x_wconf 90' lang='lat'>66.</span> <span class='ocrx_word' id='word_1_66' title='bbox 157 1473 257 1534; x_wconf 90' lang='lat' dir='ltr'>Idem:</span> <span class='ocrx_word' id='word_1_67' title='bbox 279 1474 374 1531; x_wconf 84' lang='lat' dir='ltr'>Exlex</span> <span class='ocrx_word' id='word_1_68' title='bbox 387 1474 445 1545; x_wconf 92' lang='lat' dir='ltr'>est,</span> <span class='ocrx_word' id='word_1_69' title='bbox 465 1472 514 1550; x_wconf 89' lang='lat' dir='ltr'>qui</span> <span class='ocrx_word' id='word_1_70' title='bbox 532 1474 590 1534; x_wconf 87' lang='lat' dir='ltr'>line</span> <span class='ocrx_word' id='word_1_71' title='bbox 607 1468 672 1550; x_wconf 82' lang='lat' dir='ltr'>lege</span> <span class='ocrx_word' id='word_1_72' title='bbox 687 1470 768 1533; x_wconf 75' lang='lat' dir='ltr'>visit.</span> 
     </span>
    </p>

    <p class='ocr_par' dir='ltr' id='par_1_15' title="bbox 41 1548 1003 1709">
     <span class='ocr_line' id='line_1_15' title="bbox 83 1548 1003 1633; baseline 0.002 -20"><span class='ocrx_word' id='word_1_73' title='bbox 83 1553 133 1631; x_wconf 88' lang='lat'>67.</span> <span class='ocrx_word' id='word_1_74' title='bbox 154 1554 255 1615; x_wconf 91' lang='lat' dir='ltr'>Idem:</span> <span class='ocrx_word' id='word_1_75' title='bbox 279 1556 391 1633; x_wconf 85' lang='lat' dir='ltr'>Operari</span> <span class='ocrx_word' id='word_1_76' title='bbox 412 1554 452 1615; x_wconf 86' lang='lat' dir='ltr'>est</span> <span class='ocrx_word' id='word_1_77' title='bbox 475 1554 553 1615; x_wconf 83' lang='lat' dir='ltr'>Deos</span> <span class='ocrx_word' id='word_1_78' title='bbox 574 1551 728 1630; x_wconf 83' lang='lat' dir='ltr'>religiose,</span> <span class='ocrx_word' id='word_1_79' title='bbox 749 1556 777 1615; x_wconf 77' lang='lat' dir='ltr'>dt</span> <span class='ocrx_word' id='word_1_80' title='bbox 801 1570 869 1614; x_wconf 83' lang='lat' dir='ltr'>cum</span> <span class='ocrx_word' id='word_1_81' title='bbox 889 1548 1003 1615; x_wconf 73' lang='lat' dir='ltr'>summu</span> 
     </span>
     <span class='ocr_line' id='line_1_16' title="bbox 41 1634 719 1709; baseline 0.001 -14"><span class='ocrx_word' id='word_1_82' title='bbox 41 1637 230 1697; x_wconf 78' lang='lat' dir='ltr'>veneratione</span> <span class='ocrx_word' id='word_1_83' title='bbox 248 1634 391 1695; x_wconf 80' lang='lat' dir='ltr'>sacrificiis</span> <span class='ocrx_word' id='word_1_84' title='bbox 407 1635 502 1709; x_wconf 83' lang='lat' dir='ltr'>litare,</span> <span class='ocrx_word' id='word_1_85' title='bbox 520 1638 548 1696; x_wconf 79' lang='lat' dir='ltr'>dr</span> <span class='ocrx_word' id='word_1_86' title='bbox 564 1635 719 1696; x_wconf 85' lang='lat' dir='ltr'>convivari.</span> 
     </span>
    </p>

    <p class='ocr_par' dir='ltr' id='par_1_16' title="bbox 84 1716 590 1793">
     <span class='ocr_line' id='line_1_17' title="bbox 84 1716 590 1793; baseline -0.006 -16"><span class='ocrx_word' id='word_1_87' title='bbox 84 1716 134 1777; x_wconf 89' lang='lat'>68.</span> <span class='ocrx_word' id='word_1_88' title='bbox 157 1716 259 1778; x_wconf 86' lang='lat' dir='ltr'>Idem:</span> <span class='ocrx_word' id='word_1_89' title='bbox 282 1717 411 1790; x_wconf 84' lang='lat' dir='ltr'>Macula,</span> <span class='ocrx_word' id='word_1_90' title='bbox 428 1716 590 1793; x_wconf 87' lang='lat' dir='ltr'>turpitudo.</span> 
     </span>
    </p>

    <p class='ocr_par' dir='ltr' id='par_1_17' title="bbox 84 1794 869 1879">
     <span class='ocr_line' id='line_1_18' title="bbox 84 1794 869 1879; baseline 0.001 -22"><span class='ocrx_word' id='word_1_91' title='bbox 84 1798 133 1878; x_wconf 89' lang='lat'>69.</span> <span class='ocrx_word' id='word_1_92' title='bbox 155 1796 256 1859; x_wconf 83' lang='lat' dir='ltr'>Idem:</span> <span class='ocrx_word' id='word_1_93' title='bbox 278 1798 464 1879; x_wconf 76' lang='lat' dir='ltr'>Maeulofirm,</span> <span class='ocrx_word' id='word_1_94' title='bbox 486 1794 652 1867; x_wconf 87' lang='lat' dir='ltr'>sordidum,</span> <span class='ocrx_word' id='word_1_95' title='bbox 669 1796 869 1858; x_wconf 86' lang='lat' dir='ltr'>immundum.</span> 
     </span>
    </p>

    <p class='ocr_par' dir='ltr' id='par_1_18' title="bbox 82 1874 893 1959">
     <span class='ocr_line' id='line_1_19' title="bbox 82 1874 893 1959; baseline 0.001 -21"><span class='ocrx_word' id='word_1_96' title='bbox 82 1899 133 1957; x_wconf 89' lang='lat'>70.</span> <span class='ocrx_word' id='word_1_97' title='bbox 153 1878 254 1955; x_wconf 85' lang='lat' dir='ltr'>Idem:</span> <span class='ocrx_word' id='word_1_98' title='bbox 275 1880 392 1959; x_wconf 62' lang='lat' dir='ltr'>uestrae</span> <span class='ocrx_word' id='word_1_99' title='bbox 409 1876 532 1938; x_wconf 87' lang='lat' dir='ltr'>dicimus</span> <span class='ocrx_word' id='word_1_100' title='bbox 556 1879 583 1938; x_wconf 76' lang='lat' dir='ltr'>u</span> <span class='ocrx_word' id='word_1_101' title='bbox 603 1874 738 1950; x_wconf 76' lang='lat' dir='ltr'>scurram,</span> <span class='ocrx_word' id='word_1_102' title='bbox 754 1896 772 1937; x_wconf 87' lang='lat' dir='ltr'>a</span> <span class='ocrx_word' id='word_1_103' title='bbox 790 1875 893 1939; x_wconf 81' lang='lat' dir='ltr'>lustris.</span> 
     </span>
    </p>

    <p class='ocr_par' dir='ltr' id='par_1_19' title="bbox 81 1958 889 2038">
     <span class='ocr_line' id='line_1_20' title="bbox 81 1958 889 2038; baseline -0.001 -21"><span class='ocrx_word' id='word_1_104' title='bbox 81 1979 133 2038; x_wconf 84' lang='lat'>71.</span> <span class='ocrx_word' id='word_1_105' title='bbox 153 1960 254 2021; x_wconf 88' lang='lat' dir='ltr'>Idem:</span> <span class='ocrx_word' id='word_1_106' title='bbox 275 1958 523 2033; x_wconf 78' lang='lat' dir='ltr'>Dieare,tradere.</span> <span class='ocrx_word' id='word_1_107' title='bbox 885 1970 889 1974; x_wconf 79' lang='grc'><em>’</em></span> 
     </span>
    </p>

    <p class='ocr_par' dir='ltr' id='par_1_20' title="bbox 83 2038 621 2119">
     <span class='ocr_line' id='line_1_21' title="bbox 83 2038 621 2119; baseline 0.004 -20"><span class='ocrx_word' id='word_1_108' title='bbox 83 2058 134 2119; x_wconf 84' lang='lat'>72.</span> <span class='ocrx_word' id='word_1_109' title='bbox 156 2041 241 2103; x_wconf 88' lang='lat' dir='ltr'>Idem</span> <span class='ocrx_word' id='word_1_110' title='bbox 253 2048 271 2104; x_wconf 87' lang='lat'>:&#39;</span> <span class='ocrx_word' id='word_1_111' title='bbox 283 2041 438 2116; x_wconf 86' lang='lat' dir='ltr'>Delinirus,</span> <span class='ocrx_word' id='word_1_112' title='bbox 452 2038 621 2101; x_wconf 75' lang='lat' dir='ltr'>delectatus.</span> 
     </span>
    </p>

    <p class='ocr_par' dir='ltr' id='par_1_21' title="bbox 83 2122 759 2202">
     <span class='ocr_line' id='line_1_22' title="bbox 83 2122 759 2202; baseline -0.003 -19"><span class='ocrx_word' id='word_1_113' title='bbox 83 2136 133 2202; x_wconf 78' lang='lat'>73.</span> <span class='ocrx_word' id='word_1_114' title='bbox 155 2122 256 2201; x_wconf 83' lang='lat' dir='ltr'>Idem:</span> <span class='ocrx_word' id='word_1_115' title='bbox 279 2122 454 2194; x_wconf 85' lang='lat' dir='ltr'>Nurriearur,</span> <span class='ocrx_word' id='word_1_116' title='bbox 470 2140 521 2199; x_wconf 89' lang='lat' dir='ltr'>pro</span> <span class='ocrx_word' id='word_1_117' title='bbox 539 2122 671 2183; x_wconf 85' lang='lat' dir='ltr'>nutricat.</span> <span class='ocrx_word' id='word_1_118' title='bbox 757 2160 759 2165; x_wconf 91' lang='lat'><em>·</em></span> 
     </span>
    </p>

    <p class='ocr_par' dir='ltr' id='par_1_22' title="bbox 44 2192 1067 2359">
     <span class='ocr_line' id='line_1_23' title="bbox 82 2192 1067 2283; baseline -0.009 -20"><span class='ocrx_word' id='word_1_119' title='bbox 82 2223 132 2279; x_wconf 86' lang='lat'>74.</span> <span class='ocrx_word' id='word_1_120' title='bbox 152 2202 253 2265; x_wconf 91' lang='lat' dir='ltr'>Idem:</span> <span class='ocrx_word' id='word_1_121' title='bbox 274 2200 499 2283; x_wconf 69' lang='lat' dir='ltr'>Disterrieulum,</span> <span class='ocrx_word' id='word_1_122' title='bbox 519 2216 606 2275; x_wconf 81' lang='lat' dir='ltr'>acus,</span> <span class='ocrx_word' id='word_1_123' title='bbox 624 2218 688 2279; x_wconf 83' lang='lat' dir='ltr'>quae</span> <span class='ocrx_word' id='word_1_124' title='bbox 706 2192 828 2277; x_wconf 82' lang='lat' dir='ltr'>capillos</span> <span class='ocrx_word' id='word_1_125' title='bbox 850 2198 1005 2261; x_wconf 81' lang='lat' dir='ltr'>mulierum</span> <span class='ocrx_word' id='word_1_126' title='bbox 1066 2251 1067 2254; x_wconf 74' lang='grc'>,</span> 
     </span>
     <span class='ocr_line' id='line_1_24' title="bbox 44 2282 776 2359; baseline -0.001 -16"><span class='ocrx_word' id='word_1_127' title='bbox 44 2293 111 2345; x_wconf 81' lang='lat' dir='ltr'>ante</span> <span class='ocrx_word' id='word_1_128' title='bbox 130 2285 257 2345; x_wconf 89' lang='lat' dir='ltr'>frontem</span> <span class='ocrx_word' id='word_1_129' title='bbox 280 2284 402 2359; x_wconf 76' lang='lat' dir='ltr'>dividit,</span> <span class='ocrx_word' id='word_1_130' title='bbox 422 2284 531 2345; x_wconf 81' lang='lat' dir='ltr'>dietum</span> <span class='ocrx_word' id='word_1_131' title='bbox 548 2282 776 2343; x_wconf 88' lang='lat' dir='ltr'>adiscernendo.</span> 
     </span>
    </p>
   </div>
   <div class='ocr_carea' id='block_1_3' title="bbox 38 2378 1006 3515">
    <p class='ocr_par' dir='ltr' id='par_1_23' title="bbox 83 2378 938 3013">
     <span class='ocr_line' id='line_1_25' title="bbox 83 2378 938 2463; baseline -0.007 -21"><span class='ocrx_word' id='word_1_132' title='bbox 83 2400 132 2462; x_wconf 83' lang='lat'>75.</span> <span class='ocrx_word' id='word_1_133' title='bbox 154 2381 254 2442; x_wconf 91' lang='lat' dir='ltr'>Idem:</span> <span class='ocrx_word' id='word_1_134' title='bbox 281 2384 423 2456; x_wconf 80' lang='lat' dir='ltr'>Curatum,</span> <span class='ocrx_word' id='word_1_135' title='bbox 439 2398 507 2441; x_wconf 90' lang='lat' dir='ltr'>cum</span> <span class='ocrx_word' id='word_1_136' title='bbox 522 2378 637 2441; x_wconf 73' lang='lat' dir='ltr'>delectu</span> <span class='ocrx_word' id='word_1_137' title='bbox 651 2389 832 2457; x_wconf 81' lang='lat' dir='ltr'>apparatum.</span> <span class='ocrx_word' id='word_1_138' title='bbox 936 2458 938 2463; x_wconf 16' lang='lat'><strong>³</strong></span> 
     </span>
     <span class='ocr_line' id='line_1_26' title="bbox 83 2460 590 2543; baseline -0.004 -21"><span class='ocrx_word' id='word_1_139' title='bbox 83 2460 134 2542; x_wconf 84' lang='lat'>76.</span> <span class='ocrx_word' id='word_1_140' title='bbox 156 2462 257 2525; x_wconf 87' lang='lat' dir='ltr'>Idem:</span> <span class='ocrx_word' id='word_1_141' title='bbox 280 2464 435 2543; x_wconf 83' lang='lat' dir='ltr'>Trepidare,</span> <span class='ocrx_word' id='word_1_142' title='bbox 454 2474 590 2521; x_wconf 90' lang='lat' dir='ltr'>metuere.</span> 
     </span>
     <span class='ocr_line' id='line_1_27' title="bbox 85 2534 555 2623; baseline 0 -19"><span class='ocrx_word' id='word_1_143' title='bbox 85 2564 135 2623; x_wconf 85' lang='lat'>77.</span> <span class='ocrx_word' id='word_1_144' title='bbox 156 2543 259 2606; x_wconf 89' lang='lat' dir='ltr'>Idem:</span> <span class='ocrx_word' id='word_1_145' title='bbox 282 2543 397 2618; x_wconf 84' lang='lat' dir='ltr'>Nolito,</span> <span class='ocrx_word' id='word_1_146' title='bbox 414 2561 467 2620; x_wconf 90' lang='lat' dir='ltr'>pro</span> <span class='ocrx_word' id='word_1_147' title='bbox 485 2534 555 2604; x_wconf 88' lang='lat' dir='ltr'>noli.</span> 
     </span>
     <span class='ocr_line' id='line_1_28' title="bbox 83 2622 646 2719; baseline -0.002 -34"><span class='ocrx_word' id='word_1_148' title='bbox 83 2624 133 2704; x_wconf 89' lang='lat'>78.</span> <span class='ocrx_word' id='word_1_149' title='bbox 155 2623 253 2697; x_wconf 85' lang='lat' dir='ltr'>Idem:</span> <span class='ocrx_word' id='word_1_150' title='bbox 274 2625 403 2705; x_wconf 76' lang='lat' dir='ltr'>Porrigo,</span> <span class='ocrx_word' id='word_1_151' title='bbox 420 2622 514 2684; x_wconf 90' lang='lat' dir='ltr'>morbi</span> <span class='ocrx_word' id='word_1_152' title='bbox 524 2632 646 2719; x_wconf 34' lang='lat' dir='ltr'>&#39;genus‘</span> 
     </span>
     <span class='ocr_line' id='line_1_29' title="bbox 85 2704 735 2863; baseline -0.008 -17"><span class='ocrx_word' id='word_1_153' title='bbox 85 2726 136 2847; x_wconf 76' lang='lat' dir='ltr'>t:</span> <span class='ocrx_word' id='word_1_154' title='bbox 159 2705 260 2851; x_wconf 75' lang='lat' dir='ltr'>tt:</span> <span class='ocrx_word' id='word_1_155' title='bbox 280 2704 735 2863; x_wconf 66' lang='lat' dir='ltr'>ltrt&#39;2.⁶:ttrs‘·......</span> 
     </span>
     <span class='ocr_line' id='line_1_30' title="bbox 86 2866 569 2941; baseline 0 -14"><span class='ocrx_word' id='word_1_156' title='bbox 86 2867 135 2928; x_wconf 88' lang='lat'>81.</span> <span class='ocrx_word' id='word_1_157' title='bbox 158 2866 259 2930; x_wconf 83' lang='lat' dir='ltr'>Idem:</span> <span class='ocrx_word' id='word_1_158' title='bbox 280 2870 408 2941; x_wconf 77' lang='lat' dir='ltr'>Mittere,</span> <span class='ocrx_word' id='word_1_159' title='bbox 428 2866 569 2927; x_wconf 89' lang='lat' dir='ltr'>omittere.</span> 
     </span>
     <span class='ocr_line' id='line_1_31' title="bbox 86 2947 734 3013; baseline -0.008 -5"><span class='ocrx_word' id='word_1_160' title='bbox 86 2947 135 3010; x_wconf 82' lang='lat'>82.</span> <span class='ocrx_word' id='word_1_161' title='bbox 151 2950 257 3013; x_wconf 86' lang='lat' dir='ltr'>Idem:</span> <span class='ocrx_word' id='word_1_162' title='bbox 280 2948 418 3009; x_wconf 76' lang='lat' dir='ltr'>Sublatam</span> <span class='ocrx_word' id='word_1_163' title='bbox 436 2947 559 3009; x_wconf 89' lang='lat' dir='ltr'>dicimus</span> <span class='ocrx_word' id='word_1_164' title='bbox 577 2955 734 3005; x_wconf 87' lang='lat' dir='ltr'>remotum.</span> 
     </span>
    </p>

    <p class='ocr_par' dir='ltr' id='par_1_24' title="bbox 38 3024 1006 3515">
     <span class='ocr_line' id='line_1_32' title="bbox 38 3024 721 3108; baseline -0.016 -14"><span class='ocrx_word' id='word_1_165' title='bbox 38 3085 40 3094; x_wconf 93' lang='lat'>.</span> <span class='ocrx_word' id='word_1_166' title='bbox 83 3028 137 3108; x_wconf 80' lang='lat'>83.</span> <span class='ocrx_word' id='word_1_167' title='bbox 160 3030 256 3093; x_wconf 90' lang='lat' dir='ltr'>Idem:</span> <span class='ocrx_word' id='word_1_168' title='bbox 273 3030 381 3105; x_wconf 84' lang='lat' dir='ltr'>&#39;Miris,</span> <span class='ocrx_word' id='word_1_169' title='bbox 402 3026 570 3105; x_wconf 84' lang='lat' dir='ltr'>tranquiIlus</span> <span class='ocrx_word' id='word_1_170' title='bbox 590 3029 617 3087; x_wconf 73' lang='grc' dir='ltr'><strong>ἃ</strong></span> <span class='ocrx_word' id='word_1_171' title='bbox 638 3024 721 3085; x_wconf 78' lang='lat' dir='ltr'>lenis,</span> 
     </span>
     <span class='ocr_line' id='line_1_33' title="bbox 86 3098 917 3187; baseline -0.005 -18"><span class='ocrx_word' id='word_1_172' title='bbox 86 3110 136 3183; x_wconf 79' lang='lat'>84.</span> <span class='ocrx_word' id='word_1_173' title='bbox 158 3104 257 3173; x_wconf 87' lang='lat' dir='ltr'>Idem:</span> <span class='ocrx_word' id='word_1_174' title='bbox 282 3112 415 3184; x_wconf 74' lang='lat' dir='ltr'>Imitare,</span> <span class='ocrx_word' id='word_1_175' title='bbox 433 3121 561 3187; x_wconf 80' lang='lat' dir='ltr'>apertam</span> <span class='ocrx_word' id='word_1_176' title='bbox 581 3105 670 3167; x_wconf 79' lang='lat' dir='ltr'>habet</span> <span class='ocrx_word' id='word_1_177' title='bbox 688 3098 917 3182; x_wconf 80' lang='lat' dir='ltr'>fignificantiam.</span> 
     </span>
     <span class='ocr_line' id='line_1_34' title="bbox 86 3186 897 3271; baseline -0.01 -18"><span class='ocrx_word' id='word_1_178' title='bbox 86 3191 136 3271; x_wconf 82' lang='lat'>85.</span> <span class='ocrx_word' id='word_1_179' title='bbox 156 3192 238 3253; x_wconf 90' lang='lat' dir='ltr'>Idem</span> <span class='ocrx_word' id='word_1_180' title='bbox 250 3200 267 3253; x_wconf 90' lang='lat'>:&#39;</span> <span class='ocrx_word' id='word_1_181' title='bbox 279 3190 387 3262; x_wconf 80' lang='lat' dir='ltr'>Fortis,</span> <span class='ocrx_word' id='word_1_182' title='bbox 407 3193 493 3251; x_wconf 87' lang='lat' dir='ltr'>etiam</span> <span class='ocrx_word' id='word_1_183' title='bbox 514 3191 603 3251; x_wconf 87' lang='lat' dir='ltr'>dives.</span> <span class='ocrx_word' id='word_1_184' title='bbox 624 3186 784 3268; x_wconf 80' lang='lat' dir='ltr'>Improbum,</span> <span class='ocrx_word' id='word_1_185' title='bbox 803 3197 897 3263; x_wconf 85' lang='lat' dir='ltr'>turpe.</span> 
     </span>
     <span class='ocr_line' id='line_1_35' title="bbox 86 3266 630 3335; baseline -0.009 -2"><span class='ocrx_word' id='word_1_186' title='bbox 86 3271 135 3335; x_wconf 89' lang='lat'>86.</span> <span class='ocrx_word' id='word_1_187' title='bbox 157 3272 259 3335; x_wconf 88' lang='lat' dir='ltr'>Idem:</span> <span class='ocrx_word' id='word_1_188' title='bbox 280 3273 375 3330; x_wconf 84' lang='lat' dir='ltr'>Metiri</span> <span class='ocrx_word' id='word_1_189' title='bbox 393 3266 432 3331; x_wconf 86' lang='lat' dir='ltr'>est</span> <span class='ocrx_word' id='word_1_190' title='bbox 451 3270 630 3332; x_wconf 82' lang='lat' dir='ltr'>transmeare.</span> 
     </span>
     <span class='ocr_line' id='line_1_36' title="bbox 86 3341 823 3431; baseline -0.007 -19"><span class='ocrx_word' id='word_1_191' title='bbox 86 3353 137 3429; x_wconf 85' lang='lat'>87.</span> <span class='ocrx_word' id='word_1_192' title='bbox 158 3352 289 3413; x_wconf 85' lang='lat' dir='ltr'>Priscian.</span> <span class='ocrx_word' id='word_1_193' title='bbox 302 3351 350 3412; x_wconf 90' lang='lat' dir='ltr'>lib.</span> <span class='ocrx_word' id='word_1_194' title='bbox 366 3350 420 3415; x_wconf 81' lang='lat' dir='ltr'>IX,</span> <span class='ocrx_word' id='word_1_195' title='bbox 436 3346 561 3431; x_wconf 69' lang='lat' dir='ltr'>Perolff</span> <span class='ocrx_word' id='word_1_196' title='bbox 573 3367 629 3428; x_wconf 77' lang='lat' dir='ltr'>&#39;pro</span> <span class='ocrx_word' id='word_1_197' title='bbox 648 3341 823 3427; x_wconf 78' lang='lat' dir='ltr'>peroleville.</span> 
     </span>
     <span class='ocr_line' id='line_1_37' title="bbox 87 3419 1006 3515; baseline -0.011 -22"><span class='ocrx_word' id='word_1_198' title='bbox 87 3432 270 3495; x_wconf 85' lang='lat' dir='ltr'>88.·Fellus:</span> <span class='ocrx_word' id='word_1_199' title='bbox 290 3435 401 3515; x_wconf 79' lang='lat' dir='ltr'>Tagox,</span> <span class='ocrx_word' id='word_1_200' title='bbox 418 3431 607 3507; x_wconf 84' lang='lat' dir='ltr'>furunculus,</span> <span class='ocrx_word' id='word_1_201' title='bbox 623 3428 799 3507; x_wconf 77' lang='lat' dir='ltr'>stangendo</span> <span class='ocrx_word' id='word_1_202' title='bbox 816 3424 919 3488; x_wconf 71' lang='lat' dir='ltr'>ditius.</span> <span class='ocrx_word' id='word_1_203' title='bbox 939 3419 1006 3485; x_wconf 62' lang='lat' dir='ltr'>Nos</span> 
     </span>
    </p>
   </div>
   <div class='ocr_carea' id='block_1_4' title="bbox 49 3511 1006 3675">
    <p class='ocr_par' dir='ltr' id='par_1_25' title="bbox 49 3511 1006 3675">
     <span class='ocr_line' id='line_1_38' title="bbox 49 3511 681 3596; baseline 0 -23"><span class='ocrx_word' id='word_1_204' title='bbox 49 3511 132 3585; x_wconf 85' lang='lat' dir='ltr'>nius,</span> <span class='ocrx_word' id='word_1_205' title='bbox 157 3516 272 3596; x_wconf 70' lang='lat' dir='ltr'>Tangere</span> <span class='ocrx_word' id='word_1_206' title='bbox 285 3514 326 3574; x_wconf 90' lang='lat' dir='ltr'>est</span> <span class='ocrx_word' id='word_1_207' title='bbox 342 3515 559 3575; x_wconf 80' lang='lat' dir='ltr'>ciscumvenire.</span> <span class='ocrx_word' id='word_1_208' title='bbox 677 3535 681 3540; x_wconf 85' lang='grc'><em>·</em></span> 
     </span>
     <span class='ocr_line' id='line_1_39' title="bbox 90 3588 1006 3675; baseline -0.011 -22"><span class='ocrx_word' id='word_1_209' title='bbox 90 3594 137 3675; x_wconf 89' lang='lat'>89.</span> <span class='ocrx_word' id='word_1_210' title='bbox 159 3596 272 3657; x_wconf 85' lang='lat' dir='ltr'>Servius</span> <span class='ocrx_word' id='word_1_211' title='bbox 289 3594 340 3656; x_wconf 91' lang='lat' dir='ltr'>lib.</span> <span class='ocrx_word' id='word_1_212' title='bbox 357 3594 395 3657; x_wconf 94' lang='lat' dir='ltr'>II.</span> <span class='ocrx_word' id='word_1_213' title='bbox 417 3596 519 3673; x_wconf 82' lang='lat' dir='ltr'>Georg.</span> <span class='ocrx_word' id='word_1_214' title='bbox 538 3592 574 3655; x_wconf 86' lang='lat' dir='ltr'>ad</span> <span class='ocrx_word' id='word_1_215' title='bbox 593 3588 666 3653; x_wconf 92' lang='lat' dir='ltr'>illud</span> <span class='ocrx_word' id='word_1_216' title='bbox 682 3588 809 3667; x_wconf 87' lang='lat' dir='ltr'>Virgilii:</span> <span class='ocrx_word' id='word_1_217' title='bbox 825 3588 865 3647; x_wconf 85' lang='lat' dir='ltr'>Er</span> <span class='ocrx_word' id='word_1_218' title='bbox 883 3605 947 3667; x_wconf 81' lang='lat' dir='ltr'>quos</span> <span class='ocrx_word' id='word_1_219' title='bbox 959 3600 1006 3643; x_wconf 85' lang='lat' dir='ltr'>orer</span> 
     </span>
    </p>
   </div>
   <div class='ocr_carea' id='block_1_5' title="bbox 48 3664 793 3759">
    <p class='ocr_par' dir='ltr' id='par_1_26' title="bbox 48 3664 793 3759">
     <span class='ocr_line' id='line_1_40' title="bbox 48 3664 793 3759; baseline 0.007 -27"><span class='ocrx_word' id='word_1_220' title='bbox 48 3677 133 3753; x_wconf 81' lang='lat' dir='ltr'>pecori</span> <span class='ocrx_word' id='word_1_221' title='bbox 143 3678 238 3737; x_wconf 73' lang='lat' dir='ltr'>molem</span> <span class='ocrx_word' id='word_1_222' title='bbox 245 3676 532 3759; x_wconf 80' lang='lat' dir='ltr'>firbmr&#39;rterelrabeodo.</span> <span class='ocrx_word' id='word_1_223' title='bbox 547 3674 614 3751; x_wconf 88' lang='lat' dir='ltr'>Jun.</span> <span class='ocrx_word' id='word_1_224' title='bbox 625 3671 748 3749; x_wconf 71' lang='lat' dir='ltr'>Philam.</span> <span class='ocrx_word' id='word_1_225' title='bbox 783 3664 793 3684; x_wconf 49' lang='lat' dir='ltr'><strong><em>s</em></strong></span> 
     </span>
    </p>
   </div>
   <div class='ocr_carea' id='block_1_6' title="bbox 0 0 1322 4592">
    <p class='ocr_par' dir='ltr' id='par_1_27' title="bbox 0 0 1322 4592">
     <span class='ocr_line' id='line_1_41' title="bbox 0 0 1322 4592; baseline 0 4"><span class='ocrx_word' id='word_1_226' title='bbox 0 0 1322 4592; x_wconf 95' lang='lat' dir='ltr'> </span> 
     </span>
    </p>
   </div>
  </div>
 </body>
</html>
