2634 4592
591 172 897 306 'ituit
955 242 959 256 =

297 340 365 421 150
487 326 541 396 o.
565 326 687 445 rou.
711 329 1053 401 Joaauarrs
1184 306 1187 328 ¹

292 488 419 555 lumenta
430 484 466 554 ad
480 484 583 557 virides
595 485 675 581 buius
687 486 831 557 mittentur
847 486 959 569 arislast

293 592 444 692 Neoprius
458 593 525 665 inde
539 597 677 676 domum,
693 622 775 691 quam
791 620 853 667 rota
866 595 981 667 novalia
994 596 1086 669 saevos

159 699 161 704 ¹
293 710 326 775 ln
339 729 452 777 ventres
463 706 564 777 abeant
573 729 628 789 ,·ut
640 708 738 779 credas
752 705 869 777 salcibus
882 700 985 777 adum.

292 814 399 887 Dicere
410 816 456 888 vix
469 819 552 915 polsrs
564 872 574 898 ,
586 846 670 915 quarn
686 816 766 887 multi
779 816 843 889 talia
858 817 995 917 plorent,
1200 844 1261 910 ιςο

294 927 332 995 Et
343 947 415 1021 quor
429 928 545 997 venales
558 927 660 1021 injuria
673 927 774 999 secerit
786 953 881 1025 agros.
968 992 970 997 .

270 1052 277 1083 2
296 1038 353 1105 Sed
368 1036 416 1133 qui
429 1038 575 1110 sermones
583 1036 693 1135 squam
705 1038 790 1109 soedae
802 1032 920 1111 buccina
934 1038 1035 1111 sama?

185 1142 189 1145 ⁴
294 1144 376 1237 Quid
389 1170 477 1218 nocet
490 1147 571 1218 baec?
587 1147 688 1244 inquit.
702 1150 823 1221 tunicam
835 1148 904 1223 mihi
917 1152 993 1223 malo
1007 1148 1146 1249 lupina,

295 1261 391 1350 Quam
405 1256 485 1342 sime
498 1282 562 1329 roto
576 1258 673 1330 laudet
684 1258 788 1354 vicinia
799 1287 896 1358 pago,

125 1392 189 1420 ‘1
296 1366 401 1466 Erigui
415 1367 486 1438 ruris
500 1368 656 1466 paucissima
668 1369 739 1441 sarra
751 1372 902 1442 secantem.
1075 1381 1079 1391 '
1201 1388 1259 1465 155

207 1478 210 1482 ’
295 1479 411 1551 Scilicet
424 1480 456 1552 dc
469 1482 593 1563 morbis,
608 1481 798 1553 &debilitate
811 1479 936 1564 carebis,

296 1591 333 1658 Et
344 1589 450 1661 luslum
463 1588 493 1661 bt
504 1618 597 1661 curam
610 1590 752 1687 effugies,
767 1588 797 1661 bt
810 1614 938 1687 tempora
950 1588 1016 1663 vitae
1118 1582 1120 1590 Α

296 1706 396 1801 Longa
405 1702 456 1774 tibi
468 1703 531 1800 poll
544 1702 606 1773 haec
617 1704 677 1775 sato
690 1701 812 1774 meliore
824 1703 982 1785 dabuntur;
999 1754 1001 1758 ·
1025 1803 1028 1809 Ι

179 1852 187 1864 ,
297 1809 327 1881 Si
339 1833 445 1882 tautum
460 1808 528 1881 culti
542 1804 618 1883 solus
632 1809 789 1908 possederis
799 1806 880 1907 agri,
905 1836 908 1841 ·
924 1840 930 1870 r

297 1924 441 2019 Quantum
454 1921 504 1991 sub
515 1919 601 1994 Tatio
614 1920 739 2019 populus
752 1924 892 1991 Romanus
904 1919 997 1991 arabat
1028 1938 1034 1942 ”
1200 1923 1257 1992 16⁰

297 2035 374 2103 Mox
387 2030 470 2106 etiam
486 2030 579 2101 stabis
591 2052 693 2114 aerate,
706 2058 739 2101 ac
751 2028 853 2101 Punica
867 2028 946 2125 paffis
1059 2028 1061 2035 ’

299 2140 422 2227 Proelia,
434 2140 629 2237 velerrhum
643 2139 794 2212 immanem
804 2135 996 2235 ,gladiosque
1008 2136 1173 2221 Molossos,

298 2253 426 2322 Tandem
441 2280 495 2349 pro
510 2252 604 2329 multis
621 2250 666 2322 vix
681 2245 779 2346 jugera
792 2246 856 2319 bina
868 2248 1002 2319 dabantur

209 2385 213 2393 ·
297 2360 480 2431 Vulneribus.
495 2388 602 2432 merces
614 2360 674 2430 lraec
688 2357 830 2455 sauguinis
843 2384 926 2453 arque
940 2357 1047 2428 laboris

299 2452 395 2541 Nullis
408 2468 467 2538 visa
476 2479 603 2563 'unquam
617 2467 723 2538 meritis
736 2468 850 2549 minor,
863 2490 908 2538 aut
922 2466 1039 2565 ingrarae
1206 2475 1259 2561 1'65

302 2580 389 2647 Curta
402 2578 471 2647 fides
485 2577 592 2673 parriae.
614 2578 750 2649 saturabat
764 2575 877 2673 glebula
889 2577 959 2647 talis

258 2764 261 2769 ,
300 2690 410 2757 Patrem
421 2684 522 2781 ipsum,
536 2687 702 2783 turbamque
717 2686 806 2765 casa,
822 2712 875 2781 qua
888 2686 956 2757 loeta
970 2686 1078 2781 jacebat

270 2831 272 2843 ·
301 2800 405 2877 Uxor,
419 2795 582 2867 &insontes
595 2792 730 2867 ludebant
743 2818 883 2893 quatuor,
895 2806 970 2866 uuus
1030 2868 1031 2871 ,

161 2977 172 2996 x
300 2908 425 2976 Vernula
435 2932 513 2987 ‚tres
524 2903 652 2979 domini:
667 2907 713 2977 sed
728 2904 837 3001 magnis
849 2902 976 2989 fratribus
991 2904 1091 2976 borum

285 3013 326 3085 Ἀ
340 3014 441 3085 scrobe
451 3016 524 3095 ,vel
538 3016 616 3085 sulco
628 3013 827 3090 redeuntibus,
840 3014 926 3085 altera
940 3039 1022 3085 coena
1164 3025 1168 3029 ’
1199 3038 1257 3101 ¹70

301 3122 453 3217 Amplior,
469 3121 499 3192 bt
514 3124 632 3217 grandes
646 3123 789 3193 sumebant
801 3120 925 3217 pultibus
940 3122 1016 3193 ollae.

300 3233 385 3302 Nunc
398 3232 499 3302 modus
511 3231 556 3301 hic
568 3233 628 3330 agri
641 3234 737 3305 mollio
753 3260 812 3305 non
824 3232 924 3305 sufficit
937 3234 1033 3305 horto.
1069 3271 1070 3276 ¹
1083 3318 1085 3325 Ι

300 3339 371 3411 Inde
384 3339 444 3409 sere
454 3340 589 3412 scelerum
602 3340 711 3425 causae,
725 3368 778 3412 nec
790 3342 870 3439 plura
884 3366 992 3411 venena
1085 3329 1089 3345 ⁸

301 3444 438 3523 Miscuit,
452 3470 499 3517 aut
511 3448 588 3519 serro
601 3448 733 3547 grassatur
747 3447 846 3545 saepius
858 3447 955 3517 ullum*

286 3562 438 3654 ¹llumanae
451 3559 674 3644 menris'vitium‚
690 3588 770 3658 quum
785 3561 856 3632 saeva
871 3560 977 3658 cupido
1205 3581 1259 3652 ης

73 3685 78 3689 ’
180 3697 184 3702 ·
301 3666 450 3762 immodici
462 3669 569 3753 census.
592 3697 654 3745 narn
668 3672 748 3747 diues
757 3671 808 3769 qui
822 3670 883 3754 fieri
899 3672 981 3756 vult,
