2634 4592
315 361 384 455 146
504 364 556 437 ι).
580 362 703 436 talu.
728 362 1057 451 JUVENALJS

310 526 381 594 Tam
394 515 454 591 eito
465 502 540 601 ,ἠεε
552 540 628 591 tanto
642 518 749 614 poterit
762 543 913 592 contexere
925 521 1026 604 cursu,
1076 589 1083 617 „

309 638 420 705 Utnon
436 628 957 726 terdeciesrespirer?cunseiarnatti
994 706 1000 713 ,
1064 618 1065 621 ¹

309 744 403 842 Virgo
416 741 483 813 suita
501 756 577 811 'teras
591 766 665 810 nunc
679 740 728 809 hac
740 736 863 809 'ditant
876 738 988 837 pufillas

311 856 434 953 Implet,
449 853 479 925 dt
492 852 527 922 ad
541 850 683 923 moechurn
698 852 744 921 dat
758 843 862 941 eisdem
874 851 949 932 ferre
962 837 1085 925 cinaedis:

310 969 357 1038 sic
371 988 464 1038 natura
479 966 575 1061 iubet:
589 960 735 1045 velocius,
749 961 779 1035 dt
794 962 874 1034 citius
888 990 941 1036 nos

309 1081 502 1175 Corrumpunt
517 1073 651 1146 vitiorum
666 1072 795 1167 exempla
807 1072 977 1154 dornedita,
993 1070 1101 1171 magnis

308 1189 383 1258 Cum
395 1185 511 1256 subeunt
524 1183 634 1265 animos
645 1179 814 1251 audonihus.
829 1208 898 1252 unus
910 1180 941 1253 dt
954 1182 1024 1255 alter

307 1295 432 1367 Forfitan
443 1294 502 1364 haec
516 1292 667 1390 spernant
658 1317 796 1387 Juuenes,
806 1290 909 1388 quibus
921 1314 980 1363 arte
993 1290 1137 1391 benigna}

305 1409 345 1476 Et
358 1403 479 1476 meliore
491 1405 553 1474 luto
565 1401 647 1472 finxit
662 1400 818 1499 praeeotdia
831 1401 934 1474 Titan:
1053 1476 1056 1482 ,

308 1512 365 1581 Sed
378 1510 505 1606 reliquos
519 1510 653 1604 fugienda
666 1532 775 1604 parturn
790 1508 906 1621 vestigia
917 1498 1052 1595 ducunt,
1145 1522 1147 1539 ”

307 1622 344 1689 Et
357 1619 504 1690 monstrata
518 1616 565 1687 diu
578 1616 681 1687 veteris
694 1618 775 1689 trahit
788 1598 879 1690 orbita
892 1622 994 1719 culpaet
1098 1643 1102 1653 ¹

297 1727 470 1803 ,Αδῆίηεες
463 1727 549 1823 igitur
561 1728 732 1799 damnandis.
745 1729 883 1824 hujus
841 1756 913 1801 ennn
928 1732 1013 1803 ved

307 1841 371 1909 Una
384 1861 488 1935 potens
500 1835 573 1908 ratio
586 1837 645 1920 est,
660 1864 695 1909 ne
709 1836 823 1909 erimina
835 1840 925 1924 nostra
937 1841 1088 1936 sequantur

306 1948 350 2016 Ex
365 1946 448 2017 nobis
462 1943 551 2042 geniti
562 1976 570 2014 τ
583 1944 718 2042 quoniam
731 1944 841 2017 dociles
853 1945 993 2018 imitandis
1088 1958 1090 1965 '

306 2057 449 2157 Turpibus
463 2085 495 2129 ae
511 2056 602 2154 prauis
614 2084 712 2128 omnes
726 2058 834 2141 [umus3
852 2055 1046 2131 &Catilinam

305 2174 491 2267 Quocunque
502 2170 530 2240 in
545 2170 656 2265 populo
669 2168 761 2242 videas
775 2220 785 2250 ‚
797 2194 970 2266 quocunque
982 2168 1031 2239 sub
1040 2196 1112 2240 axe:

220 2340 223 2347 .
306 2279 363 2349 Sed
378 2305 430 2349 nee
444 2282 543 2348 Brutus
555 2276 609 2347 etit
619 2329 629 2358 ,
640 2276 716 2348 Bruti
731 2290 786 2348 nec
798 2276 952 2350 avunculus
964 2277 1089 2374 usquam.

305 2386 358 2459 Nil
370 2388 445 2459 didu
456 2387 565 2458 foedutn
578 2386 695 2484 visuque
709 2386 769 2459 haec
782 2387 879 2459 limina
891 2410 1005 2487 tangat,

306 2502 380 2568 Iutta
393 2524 458 2593 quae
469 2523 543 2595 puer
550 2497 604 2567 est
620 2498 723 2594 procul
736 2497 821 2580 hinc
837 2498 938 2594 rucul
952 2496 1017 2569 tude
1028 2494 1134 2596 pueldae
1194 2541 1198 2550 2
1286 2508 1287 2515 ’

306 2607 476 2685 lenonum,
468 2599 520 2674 dt
531 2627 628 2673 cantus
640 2603 828 2701 pernodantis
841 2604 960 2703 paradisi.

304 2712 431 2784 Maxima
444 2713 563 2791 debetur
577 2739 668 2811 puero
681 2714 848 2785 reverentia.
860 2714 880 2784 st
896 2714 1036 2812 quid

302 2829 403 2923 Turpe
416 2854 514 2925 paras,
529 2852 582 2899 uec
596 2851 626 2898 tu
641 2826 723 2925 pueri
737 2825 921 2926 contendetis
934 2842 1045 2899 annos!

304 2940 362 3008 Sed
376 2956 528 3035 peccaturo
544 2940 634 3010 obstet
646 2938 698 3009 ribi
710 2936 783 3008 filius
795 2937 892 3007 infans

302 3050 377 3118 Nam
389 3047 409 3117 fi
423 3049 492 3144 quid
506 3048 622 3145 dignum
634 3049 776 3121 Censoris
779 3040 903 3121 iecerit
895 3074 953 3130 tra,

301 3144 504 3251 Quandoque,
515 3156 673 3227 &similem
685 3158 736 3229 ubi
751 3158 780 3229 s
796 3185 853 3236 uon
868 3182 993 3254 corpore
1006 3178 1134 3243 tanturn,

302 3270 366 3336 Nec
378 3266 458 3336 vultu
471 3266 599 3348 dederit,
613 3288 730 3339 morunt
737 3294 854 3365 quoque
866 3266 958 3353 filius,
972 3266 1064 3340 &
1017 3296 1066 3366 qut
1137 3296 1147 3310 ·

219 3404 223 3409 ·
301 3374 407 3445 Ouinia
421 3368 543 3447 deterius
555 3400 601 3448 tua
614 3405 665 3474 pet
678 3378 792 3476 vestigia
805 3401 927 3476 peccet,

303 3481 494 3580 Corripies
467 3483 616 3569 nimitum,
631 3483 663 3556 ἃ
676 3482 818 3588 castigabis
833 3488 937 3560 acerbo

301 3592 458 3674 Clamore,
472 3622 504 3680 ae
516 3595 579 3691 post
591 3594 653 3665 baec
664 3594 768 3665 tabulas
782 3618 888 3667 mutare
901 3595 1017 3692 parabis.

301 3705 395 3777 Unde
401 3705 452 3779 tibi
466 3706 590 3781 fionteut
603 3701 816 3805 libertatemque
827 3709 971 3805 parentis,
