2634 4592
164 478 166 481 ,
283 392 339 472 tir
457 387 1122 465 NOTITIALITERARIA

284 559 397 633 adhuc
419 556 578 627 Romana
598 578 650 626 res
671 551 817 642 steterit,
837 550 990 648 adeoque
1006 549 1092 651 ipsas
1111 549 1203 626 vires
1216 548 1263 630 88

252 760 254 764 Ι
283 667 461 745 columina
479 665 701 761 reipublicae,
718 662 846 761 pessum
866 664 927 737 ire.
942 664 1160 736 Prudentiam
1176 690 1260 737 eru-

282 782 363 855 ditae
386 778 520 850 feminae
546 778 619 849 haec
641 776 728 849 ratio
755 775 831 850 satis
854 775 1009 849 declarat.
1035 776 1092 874 De
1116 775 1156 849 vi
1180 775 1261 872 ejus

280 891 415 965 satirica
436 884 568 976 diversa
585 887 661 959 sunt
680 874 806 984 judicii
831 887 1057 959 eruditorum.
1079 886 1143 961 Jul.
1168 887 1260 964 Caes.

188 1000 190 1007 ’
282 1001 431 1097 Scaliger
445 999 482 1069 in
499 994 745 1096 Hypercritico
761 996 908 1089 judicat,
926 1002 963 1068 in
974 1026 1012 1068 ea
1027 1004 1161 1069 mulsum
1174 1003 1258 1069 dex·

193 1160 195 1163 -
282 1115 415 1183 sericatis
439 1114 486 1179 ad
497 1108 667 1211 satiricnm
699 1111 940 1202 arrrasnlcntiam
967 1110 1142 1201 aspirantis
1167 1104 1261 1203 ff,-

226 1238 229 1247 '
281 1242 426 1291 numeros
442 1242 532 1301 vcro,
553 1239 588 1285 ur
606 1243 641 1285 cn
665 1241 699 1283 eo
719 1241 822 1308 genere
841 1220 1016 1307 poematis,
1033 1243 1099 1287 non
1117 1239 1258 1286 contem-

175 1398 177 1403 .
281 1333 414 1399 nendos.
440 1325 576 1393 Contra
599 1322 637 1395 Is.
656 1322 877 1395 casaubonus
896 1324 937 1395 de
959 1324 1056 1397 Satir.
1075 1324 1170 1421 poesi
1194 1324 1259 1398 lib.

279 1442 332 1524 ll,
355 1460 428 1531 cap.
445 1458 487 1531 3:
511 1438 588 1505 Non
611 1437 757 1505 erraverit
769 1432 898 1521 judicio
922 1462 1010 1525 mco,
1032 1438 1088 1529 qui
1108 1440 1258 1507 Satiranz

280 1553 320 1621 id
329 1574 444 1641 poema
465 1549 704 1631 nominaverim
718 1550 928 1653 ‘cruditionem
949 1571 1056 1618 samen
1071 1544 1258 1641 &probita-

17 1668 18 1675 ’
134 1660 145 1680 ‘¹
178 1645 186 1673 ¹
282 1682 343 1729 tem
376 1654 570 1751 nobiliffimae
592 1656 724 1745 feminis
752 1684 793 1725 ex
818 1659 954 1728 carniins
983 1661 1093 1751 potius
1119 1662 1256 1747 nudes,

281 1795 377 1863 quarn
396 1770 603 1837 acrimoniam
619 1763 710 1837 &ad
719 1764 872 1858 satiricos
890 1765 1012 1859 morsus
1035 1772 1164 1855 εὐφυΐαν.
1186 1771 1258 1836 la·

281 1881 373 1950 cenis
396 1882 480 1947 enirn
512 1902 595 1949 caret
616 1882 718 1949 orario
743 1874 777 1947 g.
800 1887 992 1970 a'ryavssmoi
1011 1879 1142 1970 spiritu.
1182 1876 1258 1973 lpsa

279 1983 353 2081 ejus
378 1987 486 2058 Satira
513 1985 601 2057 inter
629 1985 828 2057 Ausoniana
856 1984 1006 2067 carmina
1026 1984 1174 2082 primum
1195 2010 1256 2057 re-

285 2112 406 2191 perta,
427 2093 576 2190 ideoq'ue
599 2095 749 2191 primum
776 2120 856 2167 cum
876 2092 1033 2166 Ausonio
1055 2095 1149 2168 edita
1165 2096 1213 2169 est
1234 2122 1256 2171 a

204 2280 207 2286 ,
280 2192 458 2283 Τὴεάἀέεο
482 2203 647 2302 Ugoleto.
673 2204 832 2277 Omnino
853 2223 984 2278 veteres
1002 2205 1100 2277 multi
1121 2207 1255 2281 necesse
1302 2253 1303 2274 2

280 2317 329 2390 est
355 2318 442 2388 hanc
463 2316 618 2413 eclogam
643 2315 800 2387 Ausonio
819 2313 1018 2405 tribuerint,
1039 2317 1145 2413 quod.
1163 2318 1255 2394 inter
1300 2316 1302 2324 ’

280 2425 355 2517 ejus
379 2424 541 2520 opuscola
561 2445 728 2521 repertam
752 2449 827 2496 non
851 2415 962 2497 modo*
981 2425 1173 2524 Ugoletus,
1196 2430 1255 2505 sed

213 2576 216 2581 ·
281 2536 390 2611 Aldus
415 2536 535 2621 etiam,
554 2560 599 2607 ac
628 2535 733 2606 ceteri
758 2533 828 2605 sere
851 2560 998 2627 omnes,
1022 2549 1098 2611 eum
1123 2538 1255 2630 secuti,

280 2670 362 2717 cum
397 2642 555 2726 Ausonio
591 2642 782 2715 ediderunt.
809 2645 889 2716 Vid.
923 2645 1080 2717 Barthius
1110 2646 1254 2719 Advers.

279 2754 388 2841 XIX,
421 2754 482 2843 16,
505 2753 544 2825 &
571 2754 642 2826 Jan.
669 2752 922 2825 Brouckhusrns
951 2754 995 2825 ad
1016 2754 1146 2829 Tibull.
1172 2782 1252 2854 pag.

280 2868 363 2963 384.
392 2866 430 2935 ln
456 2889 529 2937 eam
557 2862 761 2959 opinionem
787 2863 920 2936 adduci
945 2862 1128 2955 videntur,
1152 2866 1251 2962 quod

278 2976 534 3062 existimarent,
559 2976 765 3067 Sulpicillarn
789 2976 1040 3067 Ausonianam,
1059 2998 1159 3071 quam
1173 2975 1251 3047 Ful·

192 3141 203 3161 κ
277 3086 412 3183 gentius
438 3083 591 3182 Mythol.
610 3083 669 3153 lib.
685 3087 718 3169 ί,
736 3079 830 3176 pras.
848 3106 921 3179 pag.
942 3083 1017 3174 616Ι
1025 3082 1104 3154 edit.
1115 3085 1250 3159 Staver.
1278 3076 1301 3135 ·’

279 3195 466 3283 nominat,
482 3192 546 3263 esse
562 3190 749 3285 Sulpiciam
772 3189 948 3281 nostram,
972 3192 1032 3263 ubi
1053 3212 1165 3264 tamen
1189 3196 1250 3269 alii

169 3330 170 3337 ¹
279 3305 437 3381 Bissulam
459 3304 570 3401 legere
583 3301 726 3375 malunt.
751 3300 830 3373 Vid.
851 3303 878 3375 J.
894 3304 940 3375 N.
960 3302 1125 3378 Funccius
1142 3305 1183 3377 de
1196 3304 1249 3379 se-

278 3411 438 3483 nescente
467 3414 503 3483 L.
527 3412 565 3481 L.
588 3434 620 3505 p.
637 3410 729 3499 246.
905 3499 911 3507 Ι

328 3524 454 3593 Praeter
481 3520 748 3615 Satiram'plura
766 3519 917 3614 carmina
935 3513 1123 3617 Sulpiciam
1147 3523 1249 3597 versu

149 3638 160 3652 “’
276 3628 459 3723 Phalaeco,
484 3628 602 3723 jambo
623 3632 661 3703 &
683 3629 840 3703 scazonte
865 3631 1045 3728 scripsisse,
1066 3631 1136 3730 ipsa
1159 3633 1248 3709 sate·

278 3754 335 3811 sur
357 3736 499 3830 versu=4
519 3734 590 3838 sqq.
610 3742 649 3812 ln
670 3741 795 3839 quibus
811 3742 983 3841 precipue
1007 3740 1104 3817 firiffe
1124 3744 1247 3823 videm.
